1438 2268
82 153 105 189 8
373 151 657 184 SELEC'I‘IONS
689 152 818 184 FROM
850 152 976 185 LIVY.

82 257 195 304 bello,
225 258 534 309 supplicationes
563 258 749 297 decernit.
810 261 844 298 3.
875 259 1084 298 Adventus
1112 273 1266 312 quoque

80 320 296 370 dictatoris,
336 322 518 360 omnibus
555 322 760 360 ordinibus
797 323 956 361 obviam
993 323 1135 371 effusis,
1175 324 1266 362 cele-

80 385 260 431 bratrior,
283 399 402 436 quam
421 385 541 424 ullius
560 399 735 436 unquam
756 391 873 425 antea
891 386 969 424 fuit
985 403 992 426 :
1030 387 1266 438 triumphus-

79 463 154 500 que
175 463 333 488 omnem
357 456 587 488 consuetum
617 450 838 488 honorandi
866 450 972 489 illius
1000 451 1078 490 diei
1106 451 1264 490 modum

79 513 325 565 aliquantum
345 514 521 552 excessit.
582 517 616 552 4.
648 514 824 553 Maxime
844 522 1074 566 conspectus
1092 516 1176 566 ipse
1196 521 1262 562 est,

78 591 193 616 curru
226 578 324 616 albis
358 578 468 628 equis
501 579 639 628 juncto
672 578 808 617 urbem
842 579 1030 618 invectus.
1099 583 1133 618 5.
1166 579 1265 618 Tum

77 642 228 681 Junoni
258 642 434 693 Reginae
463 642 655 692 templum
683 642 724 681 in
753 643 957 682 Aventino
984 643 1141 691 locavit,
1162 643 1267 682 dedi-

77 707 258 757 cavitque
278 706 459 745 Matutae
480 706 645 744 Matris:
675 712 804 757 atque,
827 706 888 745 his
908 707 1054 745 divinis
1073 707 1269 746 humanis-

76 784 151 822 que
171 772 288 810 rebus
307 771 440 822 gestis,
461 770 658 809 dictatura
676 784 716 809 se
736 770 944 809 abdicavit.

148 995 350 1034 II.›——THE
380 996 590 1034 INVASION
620 1006 672 1034 OF
699 1005 783 1034 THE
812 995 960 1034 GAULS
988 1006 1077 1034 ΛΝΒ
1106 1006 1189 1034 rm:

337 1062 537 1098 (JAPrURE
566 1070 618 1098 OF
647 1060 781 1107 Roma,
814 1070 888 1099 ac.
915 1062 1000 1098 390.

115 1171 140 1199 1.
172 1170 235 1199 lec
259 1170 380 1206 coming]
403 1169 441 1205 of
460 1170 509 1199 the
536 1170 636 1199 Gauls
661 1170 888 1206 miraculously
908 1169 1053 1206 soretold.
1106 1170 1134 1206 4,
1159 1170 1186 1199 5.
1214 1169 1262 1200 Μ.

75 1220 198 1249 Furius
210 1220 372 1255 Camillus,
382 1219 507 1255 falling]
523 1219 588 1248 into
603 1218 768 1255 dissat-our
782 1229 819 1248 on
836 1222 965 1249 account
980 1219 1015 1255 of
1025 1220 1076 1249 his
1086 1220 1224 1249 division
1235 1219 1272 1255 of

75 1270 122 1298 ίΙιε
136 1270 230 1306 spoils
244 1269 281 1305 of
298 1269 376 1305 Veii,
391 1278 463 1305 9023
479 1270 544 1298 into
559 1269 638 1298 exile
651 1279 661 1299 ,·
685 1269 719 1297 in
733 1269 782 1298 his
796 1268 923 1298 absence
936 1269 972 1298 Ιιε
988 1268 1118 1305 isfincd.

128 1353 187 1393 11.
221 1352 307 1390 Hoc
346 1365 448 1390 anno
487 1351 541 1390 M.
583 1351 788 1390 Caedicius
826 1351 875 1390 de
914 1351 1026 1402 plebe
1063 1351 1264 1390 nuntiavit

73 1417 253 1464 tribunis,
277 1430 316 1454 se
336 1417 377 1454 in
399 1415 515 1454 Nova
536 1416 609 1463 via,
631 1416 697 1453 ubi
722 1429 826 1453 nunc
852 1415 1036 1454 sacellum
1063 1421 1123 1454 est
1147 1428 1265 1466 supra

73 1480 210 1519 aedem
232 1480 389 1527 Vestae,
405 1480 534 1518 noctis
553 1479 711 1517 silentio
731 1479 886 1517 audisse
907 1492 1042 1518 vocem
1061 1479 1264 1518 clariorem

72 1544 254 1591 humana,
286 1557 384 1595 quae
414 1544 709 1595 magistratibus
737 1543 814 1582 dici
838 1543 1006 1593 juberet,
1038 1543 1173 1582 Gallos
1201 1543 1265 1582 ad-

71 1614 244 1647 ventare.
305 1611 337 1645 2.
370 1607 429 1654 Id,
456 1614 501 1646 ut
530 1608 583 1655 fit,
610 1613 771 1658 propter
798 1608 968 1646 auctoris
998 1607 1262 1646 humilitatem

71 1680 258 1724 spretum,
282 1679 321 1711 et
340 1672 446 1723 quod
467 1672 693 1723 longinqua,
711 1685 834 1722 eoque
854 1672 1035 1723 ignotior,
1052 1685 1147 1723 gens
1166 1679 1259 1711 erat.

72 1740 104 1776 3.
138 1738 277 1788 Neque
298 1737 460 1775 deorum
482 1736 598 1775 modo
619 1737 782 1783 monita,
798 1737 1007 1788 ingruente
1023 1737 1114 1784 fato,
1132 1742 1263 1787 spreta

70 1810 186 1847 sunt;
224 1801 292 1840 sed
327 1801 540 1839 humanam
573 1813 730 1851 quoque
763 1814 889 1851 opem,
925 1814 1022 1851 quae
1054 1814 1134 1839 una
1166 1807 1261 1848 erat,

69 1867 124 1905 M.
156 1867 320 1905 Furium
350 1865 398 1903 ab
427 1866 524 1903 urbe
554 1878 745 1903 amovere.
804 1868 838 1903 4.
871 1864 956 1913 Qui,
988 1865 1051 1904 die
1080 1865 1185 1904 dicta
1214 1865 1263 1904 ab

68 1931 111 1970 L.
127 1931 294 1982 Apuleio
308 1930 468 1968 tribuno
481 1929 606 1980 plebis
619 1936 782 1980 propter
794 1929 978 1980 praedam
986 1929 1259 1977 Veientanam,

66 1996 148 2035 filio
177 2008 331 2046 quoque
361 1994 608 2033 adolescente
631 2007 702 2044 per
725 1994 830 2032 idem
851 1999 1006 2045 tempus
1025 1994 1198 2041 orbatus,
1221 1994 1260 2032 in
