1438 2268
97 159 143 196 16
384 156 515 189 SELE(
523 155 645 188 tTION
647 155 670 187 S
701 155 830 186 FROM
863 154 988 186 LIVY.

93 264 227 303 ruinae
247 263 366 311 urbis,
387 263 541 301 facilem
560 262 755 313 putabant
775 262 857 299 fore
872 261 1067 310 jacturam
1082 262 1280 300 seniorum

93 328 242 375 turbae,
265 328 421 366 relictae
445 327 484 364 in
511 326 608 364 urbe
635 326 773 376 utique
798 326 1005 375 periturae.
1066 328 1100 363 2.
1130 325 1182 363 Et
1204 337 1281 375 quo

93 392 134 430 id
154 392 335 442 aequiore
355 392 486 429 animo
507 390 722 428 multitudo
748 390 878 437 ferret,
902 402 1013 427 senes
1033 389 1162 439 palam
1182 389 1281 427 dice-

93 457 190 494 bant
209 469 248 494 se
269 469 355 493 cum
376 455 453 493 illis
469 454 645 492 obituros
662 467 743 492 esse
759 469 768 501 3
797 466 867 491 nec
883 453 1121 503 corporibus,
1139 453 1282 503 quibus

94 534 172 558 non
210 533 318 558 arma
347 519 447 557 ferre
477 523 648 568 possent,
679 518 853 568 inopiam
882 522 1122 555 armatorum
1151 529 1283 555 onera-

94 590 211 622 turos.
273 586 305 621 3.
338 582 446 620 Haec
467 581 607 620 solatia
626 582 809 628 seniores,
826 580 943 618 morti
960 579 1159 627 destinati,
1179 580 1284 618 inter

94 662 133 687 se
154 647 366 698 jactabant.
426 648 459 683 4.
492 645 646 684 Deinde
667 645 831 695 juvenes
850 645 891 682 in
911 644 1149 694 Capitolium
1165 648 1282 694 atque

94 713 134 750 in
150 725 277 750 arcem
293 711 643 762 prosequebantur,
659 709 978 748 commendantes
994 708 1133 746 virtuti
1148 721 1281 746 eorum

93 777 293 815 fortunam
308 775 430 822 urbis,
447 788 516 825 per
531 778 727 812 trecentos
747 772 952 824 sexaginta
967 786 1089 811 annos
1103 772 1282 810 omnibus

93 840 207 879 bellis
245 839 428 878 victricis.
505 841 538 877 5.
570 838 725 888 Eosque
764 836 1041 888 digrefflentoe,
1073 836 1142 887 qui
1174 849 1282 888 spem

94 918 252 944 omnem
289 909 407 954 atque
447 916 561 953 opem
600 915 731 941 secum
778 902 970 949 ferebant,
1009 914 1150 952 magna
1194 914 1284 951 pars

93 969 301 1008 mulierum
331 969 371 1006 in
401 981 528 1006 arcem
557 971 788 1017 prosecutae
817 972 921 1013 sunt,
949 979 1020 1004 nec
1048 965 1283 1016 prohibente

93 1034 184 1081 ullo,
206 1047 276 1071 nec
296 1037 474 1071 vocante.
533 1033 563 1068 6.
597 1030 688 1069 Alia
707 1030 880 1068 maxima
899 1043 988 1081 pars
1007 1029 1145 1081 plebis,
1165 1034 1282 1080 quam

93 1111 163 1136 nec
183 1110 320 1148 capere
339 1101 420 1134 tam
441 1096 606 1146 exiguus
627 1094 746 1142 collis,
764 1107 836 1133 nec
851 1094 953 1133 alere
968 1094 1008 1132 in
1025 1099 1137 1133 tanta
1151 1094 1284 1144 inopia

93 1161 282 1200 frumenti
311 1165 478 1212 poterat,
510 1173 559 1198 ex
588 1159 685 1197 urbe
715 1159 838 1197 effusa
865 1171 944 1197 uno
983 1158 1137 1209 agmine
1167 1158 1285 1209 petiit

93 1227 120 1264 J
122 1225 328 1264 aniculum.
389 1227 423 1263 7.
456 1223 554 1262 Inde
574 1236 663 1274 pars
683 1236 752 1273 per
767 1236 879 1273 agros
895 1222 1047 1273 dilapsi,
1065 1235 1152 1273 pars
1167 1223 1285 1260 urbes

93 1295 236 1341 petunt
265 1289 464 1335 finitimas,
494 1288 578 1326 sine
607 1287 688 1325 ullo
717 1286 815 1325 duce
848 1292 916 1325 aut
944 1299 1146 1333 consensu,
1175 1299 1284 1325 suam

93 1355 259 1405 quisque
280 1367 401 1404 spem,
423 1365 494 1391 sua
514 1351 676 1390 consilia
695 1355 965 1402 exsequentes.

133 1486 160 1522 1,
178 1485 205 1515 2.
239 1485 304 1515 The
326 1485 426 1521 priest
454 1483 490 1520 of
515 1484 675 1519 Quirinus
700 1482 767 1511 and
797 1483 846 1512 the
867 1483 964 1512 rcstal
985 1482 1107 1518 riryins
1135 1482 1208 1511 hide
1238 1482 1287 1511 the

94 1535 203 1566 sacred
216 1539 384 1570 treasures,
401 1534 469 1563 and
483 1534 510 1564 3.
528 1543 583 1563 are
597 1533 747 1569 conveyed
755 1532 811 1569 sor
824 1532 925 1568 sasety
939 1535 968 1561 to
985 1532 1088 1562 Caere.

148 1612 224 1653 22.
255 1612 417 1650 Flamen
431 1611 590 1650 interim
605 1609 818 1658 Quirinalis
831 1609 1081 1660 virginesque
1095 1608 1284 1657 Vestales,

94 1678 238 1716 omissa
250 1689 381 1715 rerum
394 1688 552 1714 suarum
568 1689 670 1721 cura,
679 1674 967 1720 consultabant,
977 1686 1077 1724 quae
1090 1686 1285 1712 sacrorum

96 1755 226 1780 secum
259 1740 431 1785 ferenda,
467 1753 567 1790 quae
599 1738 859 1789 relinquenda
896 1742 1037 1776 essent.
1115 1739 1148 1775 2.
1194 1737 1287 1775 Alia

94 1806 223 1856 igitur,
260 1804 420 1843 condita
456 1804 497 1842 in
535 1803 691 1841 doliolis
729 1801 869 1840 sacello
907 1801 1088 1852 proximo
1125 1800 1286 1840 aedibus

95 1870 264 1908 flaminis
285 1868 510 1917 Quirinalis,
540 1867 819 1906 defodiebant:
849 1866 925 1905 alia
950 1879 1080 1904 secum
1108 1866 1287 1904 ferebant

96 1936 169 1982 via,
200 1947 299 1985 quae
325 1933 491 1972 sublicio
519 1937 639 1983 ponte
665 1931 775 1970 ducit
800 1930 849 1969 ad
876 1930 1113 1970 Janiculum.
1174 1931 1207 1968 3.
1239 1929 1286 1968 In

94 2011 140 2037 eo
160 1998 261 2036 clivo
281 2010 345 2036 eas
365 2010 486 2047 quum
507 1996 548 2034 L.
570 1995 750 2042 Albinus,
772 1995 821 2033 de
841 1994 953 2045 plebe
967 1994 1144 2033 Romana
1156 1993 1284 2043 homo,
