1438 2268
402 147 688 181 SELECTIONS
720 146 851 179 FROM
883 146 1008 179 LIVY.
1254 148 1301 184 25

112 256 237 296 Gallis
267 261 445 307 ereptum
476 261 571 298 erat,
593 267 744 293 sacrum
775 267 889 292 omne
914 254 1147 303 judicatum,
1171 261 1211 291 et
1230 253 1302 291 sub

112 319 225 359 Jovis
254 319 347 358 sella
376 319 468 370 poni
496 318 659 369 jussum.
732 320 765 356 3.
807 317 971 365 Deinde,
1002 330 1122 367 quum
1153 317 1302 355 tribuni

112 383 279 422 assiduis
298 383 548 422 contionibus
565 382 715 434 plebem
734 383 940 432 agitarent,
959 388 1004 420 ut
1019 381 1142 419 ruinis
1157 381 1303 420 relictis

112 447 232 486 Veios
270 447 607 498 transmigrarent,
636 446 824 485 Camillus
858 445 974 496 longa
1003 445 1192 497 gravique
1223 459 1303 484 ora-

113 512 219 551 tione
239 511 435 550 dissuasit.
496 515 528 550 4.
561 511 700 561 Itaque
726 510 858 562 tegula
881 510 1034 561 publice
1055 510 1242 560 praebita,
1264 517 1304 548 et

108 576 197 626 jure
211 577 314 615 facto
331 576 414 614 saxi
430 576 696 626 materiaeque
713 574 931 614 caedendae
947 575 1052 613 unde
1067 575 1156 625 quis
1171 573 1299 621 vellet,

111 640 205 679 urbs
224 640 421 679 aedificari
443 645 581 691 coepta
601 646 670 678 est.

149 755 271 792 Ployue
283 759 317 785 αι
332 757 427 786 Rome
440 757 508 785 and
521 756 615 786 death
628 755 664 791 of
677 756 841 785 Cam-illus.
885 756 912 786 3.
937 756 1001 786 His
1014 756 1184 786 character.

164 821 242 863 35.
275 821 458 872 Quinque
487 829 528 860 et
556 821 698 872 viginti
729 822 808 860 fere
837 822 951 860 annis
979 827 1068 872 post
1091 821 1258 860 Romam
1281 835 1304 860 a

110 887 235 928 Gallis
273 895 440 939 captam,
479 887 708 939 pestilentia
740 888 879 940 ingens
912 888 952 926 in
986 888 1082 926 urbe
1116 895 1203 927 orta
1231 893 1300 926 est.

112 954 144 991 2.
177 953 353 991 Maxime
387 965 472 991 eam
506 952 702 1003 insignem
736 965 841 991 mors
879 965 998 1003 quam
1025 959 1190 998 matura,
1222 958 1302 990 tam

110 1017 258 1063 acerba,
299 1017 351 1055 M.
395 1016 504 1055 Furii
539 1016 696 1056 Camilli
734 1017 836 1055 fecit.
915 1019 945 1054 3.
979 1016 1073 1055 Fuit
1101 1017 1206 1055 enim
1243 1017 1304 1054 vir

108 1081 246 1120 unicus
266 1081 307 1119 in
328 1081 434 1119 omni
455 1081 637 1119 fortuna:
666 1081 848 1132 princeps
869 1094 961 1131 pace
982 1081 1162 1131 belloque
1182 1081 1303 1131 prius-

109 1157 227 1195 quam
257 1144 460 1183 exulatum
490 1145 591 1183 iret:
630 1144 770 1184 clarior
798 1145 839 1183 in
869 1145 987 1183 exilio
1016 1145 1079 1183 vel
1107 1144 1302 1183 desiderio

109 1209 293 1256 civitatis,
330 1222 429 1259 quae
468 1214 583 1259 capta
616 1221 730 1258 opem
765 1209 940 1246 absentis
973 1208 1210 1259 imploravit,
1241 1208 1302 1246 vel

109 1272 309 1319 felicitate,
345 1286 422 1323 qua
460 1273 669 1311 restit-utus
703 1273 744 1310 in
778 1273 947 1323 patriam
976 1285 1105 1311 secum
1135 1273 1303 1323 patriam

108 1338 192 1389 ipse
211 1337 396 1376 restituit.

108 1507 334 1547 ΙΙΙ.-ΤΗΕ
351 1509 667 1547 INSURREcrioN
681 1517 770 1546 ΛΝΒ
784 1507 935 1546 DEATH
949 1517 1001 1546 oF
1013 1507 1069 1546 M.
1083 1508 1299 1554 MANLms,

214 1583 298 1611 'rim
318 1572 556 1611 DEFENDER
577 1582 629 1610 OF
647 1582 732 1610 THE
752 1571 948 1611 CAPITOL.
1008 1582 1081 1610 no.
1106 1573 1191 1610 384.

147 1677 207 1706 1-4.
233 1677 279 1706 M.
296 1676 446 1706 Manlius
460 1677 589 1706 releases
602 1685 623 1704 a
637 1677 803 1705 centurion
816 1675 882 1705 who
893 1676 957 1705 had
968 1675 1035 1705 been
1050 1675 1238 1705 condemned
1246 1675 1304 1712 sor

108 1727 175 1757 delet
185 1737 197 1761 ,·
218 1727 285 1756 and
299 1726 326 1756 5.
345 1727 415 1756 selle
428 1727 477 1756 Ιιίε
491 1735 560 1756 own
570 1729 722 1763 property
731 1726 786 1762 for
800 1727 849 1755 the
862 1726 969 1762 benefic
983 1725 1019 1762 of
1024 1735 1104 1762 poor
1117 1725 1247 1755 ‹letter-³.

162 1796 242 1838 36.
286 1796 404 1835 Haud
444 1796 580 1835 multis
619 1801 709 1847 post
746 1797 870 1843 annis,
912 1796 966 1834 M.
1008 1796 1192 1844 Manlius,
1234 1795 1302 1846 qui

109 1860 347 1912 Capitolium
378 1875 399 1899 a
429 1861 555 1899 Gallis
588 1860 832 1908 defenderat,
865 1874 987 1911 quum
1019 1861 1300 1907 centurionem,

109 1925 280 1964 nobilem
310 1925 549 1963 militaribus
581 1921 704 1972 factis,
736 1925 959 1973 judicatum
994 1925 1181 1975 pecuniae
1213 1923 1304 1963 duci

109 1988 282 2033 vidisset,
324 1988 454 2026 medio
493 1989 577 2026 foro
615 2001 702 2026 cum
746 1996 902 2026 caterva
940 2001 1010 2026 sua
1047 1988 1224 2034 accurrit,
1264 1993 1304 2024 et
