1438 2268
74 164 96 201 6
363 154 649 195 SELECTIONS
679 160 810 193 FROM
841 153 969 193 LIVY.

74 269 231 307 ferrent.
291 271 325 307 2.
356 267 584 314 Cuniculus‚
606 267 767 305 delectis
789 266 982 305 militibus
1010 280 1056 306 eo
1084 272 1260 317 tempore

75 333 223 383 plenus,
259 332 301 370 in
335 332 471 370 aedem
503 331 530 369 J
535 331 685 378 anonis,
717 343 817 381 quae
849 331 890 368 in
923 330 1144 369 Veientana
1175 343 1261 369 arce

76 402 172 443 erat,
212 402 382 434 armatos
421 400 583 446 repente
621 394 757 433 edidit.
831 396 864 432 3.
896 394 992 432 Pars
1029 407 1184 433 aversos
1219 394 1261 432 in

75 461 197 499 muris
220 461 418 498 invadunt
440 460 596 498 hostes:
626 472 716 509 pars
736 458 905 497 claustra
923 463 1126 509 portarum
1143 458 1263 497 revel-

76 525 165 563 lunt
180 540 186 563 :
207 538 297 575 pars
313 537 435 574 quum
451 537 500 562 ex
514 522 629 561 tectis
646 536 739 561 saxa
753 523 985 573 tegulaeque
1001 536 1023 561 a
1034 522 1264 561 mulieribus

77 602 120 627 ac
135 589 256 627 servis
268 587 504 637 jacerentur,
522 587 698 625 inferunt
713 587 833 637 ignes.
893 589 926 625 4.
958 586 1115 625 Clamor
1134 587 1266 625 omnia

78 653 196 690 variis
224 652 459 690 terrentium
487 664 530 689 ac
558 651 789 701 paventium
817 650 988 697 vocibus,
1009 650 1136 689 mixto
1154 650 1266 688 muli-

78 730 188 754 erum
222 721 262 754 et
293 728 506 766 puerorum
539 715 708 765 ploratu,
744 714 923 765 complet.
996 717 1028 752 5.
1060 714 1265 753 Momento

79 780 279 829 temporis,
311 780 518 830 patefactis
550 779 685 830 portiS,
719 779 813 817 urbs
845 778 1024 817 hostibus
1057 778 1266 829 impletur:

79 844 262 883 omnibus
299 844 393 882 locis
430 849 654 894 pugnatur:
702 842 844 881 deinde
882 843 1007 881 multa
1043 843 1124 893 jam
1161 842 1269 881 edita

80 909 208 956 caede,
241 908 408 947 senescit
442 921 583 958 pugna,
614 912 654 946 et
683 907 852 946 dictator
879 920 1089 957 praecones
1119 906 1269 945 edicere

77 974 191 1024 jubet
210 978 256 1010 ut
275 973 323 1010 ab
344 972 483 1010 inermi
504 971 759 1009 abstineatur.
819 972 851 1009 6.
885 971 923 1009 Is
953 971 1041 1009 finis
1068 971 1268 1022 sanguinis

80 1037 179 1076 fuit:
208 1036 300 1075 dedi
329 1035 421 1074 inde
449 1036 618 1074 inermes
648 1035 775 1086 coepti
804 1040 908 1083 sunt,
939 1040 979 1073 et
1007 1035 1056 1073 ad
1084 1034 1269 1086 praedam

81 1101 204 1147 miles,
235 1101 427 1151 permissu
456 1100 672 1146 dictatoris,
703 1099 898 1138 discurrit.
969 1101 1001 1138 7.
1033 1100 1166 1151 Atque
1203 1099 1269 1138 ille

81 1165 165 1203 dies
181 1164 298 1202 caede
313 1164 487 1202 hostium
502 1177 546 1202 ac
561 1163 802 1214 disreptione
822 1163 930 1202 urbis
950 1163 1270 1214 opulentissimae

81 1235 141 1268 est
160 1233 424 1279 consumptus.

121 1368 148 1397 ].
175 1367 330 1396 Camillus
353 1367 422 1396 sells
449 1366 498 1396 the
519 1365 587 1402 free
610 1365 799 1402 populacion
826 1375 862 1396 as
888 1366 993 1396 slaves.
1050 1366 1110 1395 3-5.
1134 1366 1164 1395 Α
1186 1367 1272 1396 select

82 1418 166 1447 band
187 1417 222 1454 os
239 1417 350 1454 youths
369 1417 541 1453 appointed
555 1419 584 1445 to
599 1425 716 1446 remove
732 1416 779 1445 the
796 1416 896 1452 imaqe
910 1416 947 1452 of
955 1416 982 1445 J
985 1425 1046 1445 uno
1055 1415 1142 1452 from
1156 1416 1229 1445 Veii
1243 1419 1273 1446 to

82 1468 186 1497 Rome.

136 1555 180 1595 8.
212 1554 377 1592 Postero
403 1554 466 1592 die
492 1554 615 1593 libera
643 1567 805 1605 corpora
833 1554 1004 1593 dictator
1031 1555 1104 1593 sub
1132 1567 1275 1593 corona

82 1618 274 1657 vendidit.
334 1620 368 1656 2.
399 1618 457 1656 Ea
480 1618 561 1656 sola
585 1619 750 1669 pecunia
775 1618 815 1656 in
842 1618 1041 1668 publicum
1068 1618 1272 1670 redigitur,

83 1682 189 1720 haud
231 1682 315 1720 sine
357 1681 416 1719 ira
458 1681 592 1732 plebis
663 1682 794 1730 Quum
831 1683 912 1732 jani
950 1682 1144 1721 humanae
1182 1695 1274 1733 opes

83 1752 237 1798 egestae
281 1759 302 1784 a
349 1746 459 1784 Veiis
506 1752 646 1793 essent,
687 1746 840 1785 amoliri
877 1752 963 1784 tum
1002 1747 1120 1785 defim
1157 1746 1271 1794 dona,

82 1811 264 1861 ipsosque
294 1810 397 1855 deos
422 1810 491 1848 sed
511 1810 723 1848 colentium
744 1810 867 1861 magis
888 1824 1005 1861 quam
1022 1811 1272 1861 rapientium,

83 1875 210 1921 modo,
243 1887 411 1924 coepere.
473 1876 506 1912 4.
539 1874 720 1925 Namque
741 1875 882 1913 delecti
903 1888 951 1913 ex
971 1875 1078 1913 omni
1098 1875 1274 1913 exercitu

81 1939 254 1990 juvenes,
278 1951 373 1988 pure
398 1938 516 1976 lautis
537 1939 776 1989 corporibus,
800 1938 967 1977 candida
987 1945 1105 1985 veste,
1128 1939 1273 1989 quibus

82 2002 327 2053 deportanda
371 2003 536 2040 Romam
582 2003 733 2053 Regina
779 2003 887 2042 Juno
934 2003 1131 2054 assignata
1177 2009 1272 2051 erat,
