1438 2268
371 142 656 176 SELECTmNs
687 142 818 175 FROM
850 142 978 174 LIVY.
1223 144 1270 182 27

82 249 124 289 in
157 263 349 289 carcerem
382 250 437 288 Μ.
473 249 634 297 Manlio,
670 263 812 300 magna
844 262 933 299 pars
965 248 1090 299 plebis
1123 254 1273 287 vestem

83 314 276 353 mutavit:
305 314 420 352 multi
441 313 625 364 capillum
651 327 694 352 ac
721 313 883 352 barbam
903 313 1177 363 promiserunt.
1238 315 1270 351 7.

83 377 229 431 Ingens
257 379 384 425 turba,
409 378 617 417 obversata
645 377 841 417 vestibulo
870 377 1043 424 carceris,
1069 390 1109 416 se
1138 377 1273 416 refrac-

83 447 194 481 turos
231 448 365 494 portas
411 442 673 481 minabantur.
765 444 798 480 8.
832 441 972 492 Itaque
1019 455 1068 480 ex
1115 447 1274 480 senatus

83 506 264 546 consulto
295 507 351 546 M.
385 507 560 545 Manlius
598 506 797 544 liberatur.
872 507 906 544 9.
938 506 1025 554 Quo
1058 506 1161 544 facto
1194 518 1273 544 non

82 570 226 610 seditio
245 571 367 619 finita,
390 571 459 610 sed
478 571 562 609 dux
582 570 768 610 seditioni
787 570 903 609 datus
922 577 991 610 est.

121 697 182 727 1-3.
206 697 324 727 Incite-s
343 697 391 727 the
403 697 513 734 people
532 700 562 726 to
582 705 603 726 a
623 697 806 726 revolution.
850 696 929 725 4-10.
954 696 1019 726 His
1040 696 1275 732 revolutionary

136 817 217 860 38.
248 818 387 870 Igitur,
405 817 596 856 advocata
611 817 770 856 domum
787 817 911 868 plebe,
926 817 980 856 M.
997 817 1170 855 Manlius
1186 831 1273 858 cum

82 882 324 933 principibus
337 882 386 921 de
400 882 591 921 novandis
599 882 714 921 rebus
727 881 900 920 interdiu
913 887 1109 932 noctuque
1122 881 1273 933 agebat,

83 946 237 997 plenior
255 946 336 985 irae
356 959 474 997 quam
499 953 616 984 antea
639 946 777 984 fuerat.
849 947 881 983 2.
914 945 1016 984 Iram
1045 945 1275 984 accenderat

82 1010 301 1062 ignominia
321 1023 456 1048 recens
475 1011 515 1048 in
535 1010 666 1048 animo
687 1009 736 1048 ad
757 1009 1034 1049 contumeliam
1054 1010 1272 1060 inexperto.

84 1076 118 1113 3.
151 1073 239 1122 Qua
266 1073 439 1121 inflatus,
469 1075 621 1113 animos
651 1074 774 1125 plebis
802 1074 883 1124 jam
914 1087 983 1124 per
1011 1087 1051 1113 se
1082 1087 1272 1122 accensos,

82 1138 283 1177 incitabat.
360 1140 395 1176 4.
429 1137 680 1188 “Quousque
709 1138 881 1185 tandem,
913 1137 1097 1186 Quirites,
1124 1138 1275 1189 ignora-

83 1201 177 1240 bitis
210 1202 314 1240 vires
351 1206 513 1249 vestras,
546 1214 642 1252 quas
675 1207 818 1240 natura
854 1214 903 1240 ne
941 1201 1076 1240 beluas
1114 1201 1273 1252 quidem

82 1267 263 1318 ignorare
282 1265 440 1304 voluit?
495 1268 528 1303 5.
561 1265 778 1304 Numerate
802 1265 942 1304 saltem
965 1270 1064 1317 quot
1082 1266 1157 1316 ipsi
1176 1267 1272 1314 sitis,

83 1337 181 1383 quot
192 1330 438 1370 adversarios
450 1329 638 1369 habeatis.
698 1333 732 1368 6.
755 1329 964 1369 Ostendjte
977 1330 1095 1369 modo
1107 1330 1273 1370 bellum:

84 1409 217 1447 pacem
237 1395 447 1434 habebitis.
506 1397 539 1433 7.
570 1394 810 1433 Audendum
826 1400 885 1433 est
900 1394 1052 1445 aliquid
1067 1395 1271 1444 universis,

82 1466 153 1499 aut
171 1460 303 1499 omnia
321 1459 485 1510 singulis
504 1458 700 1510 patienda.
760 1460 794 1497 8.
826 1458 917 1497 Solo
936 1459 1161 1510 aequandae
1181 1466 1275 1498 sunt

82 1525 300 1564 dictaturae
328 1523 645 1574 consulatusque,
674 1530 719 1561 ut
747 1530 864 1574 caput
892 1523 1070 1562 attollere
1096 1523 1274 1562 Romana

83 1589 194 1642 plebs
209 1589 346 1640 possit.
403 1589 435 1626 9.
469 1588 681 1626 Prohibete
702 1588 824 1639 igitur
839 1587 903 1638 jus
923 1587 971 1626 de
991 1588 1167 1638 pecuniis
1182 1588 1268 1628 dici.

85 1655 143 1692 10.
175 1653 258 1705 Ego
286 1667 348 1691 me
376 1658 587 1703 patronum
617 1651 740 1703 plebis
769 1652 965 1703 profiteor,
996 1652 1102 1703 quod
1131 1666 1273 1692 nomen

82 1717 180 1757 mihi
198 1720 292 1757 cura
311 1730 397 1756 mea
416 1723 457 1756 et
475 1717 572 1755 fides
591 1716 756 1755 induit.'’

121 1839 173 1869 He
187 1839 214 1869 is
227 1838 324 1875 aqair.
338 1837 519 1868 summoned
533 1841 563 1867 ιο
577 1837 663 1872 trial,
681 1837 709 1866 3.
727 1837 794 1866 and
807 1837 937 1874 appeals
951 1840 980 1867 ιο
993 1837 1042 1866 Izi-s
1053 1840 1126 1874 past
1136 1838 1270 1867 services.

136 1915 217 1958 39.
239 1915 409 1954 Senatus
424 1914 583 1953 interim
595 1913 772 1953 decernit
787 1920 833 1952 ut
845 1914 1098 1964 magistratus
1114 1913 1275 1951 videant

82 1993 133 2019 ne
151 1979 249 2030 quid
267 1979 497 2018 detrimenti
524 1991 573 2017 ex
599 1978 827 2029 perniciosis
852 1978 1023 2017 consiliis
1048 1977 1105 2016 M.
1133 1977 1275 2016 Manlii
