1438 2268
71 159 118 196 14
358 156 643 190 SELECTIONS
673 157 804 189 FROM
835 157 962 191 LIVY.

67 269 221 302 suomet
257 264 430 314 ipsorum
468 265 680 302 certamine
717 265 756 302 in
795 265 911 303 turba
952 264 1252 315 impedientium

67 329 209 379 fugam.
280 331 312 366 3.
345 328 458 366 Circa
487 329 612 378 ripam
641 328 806 374 Tiberis,
837 341 914 378 quo
944 329 1062 367 armis
1090 329 1253 379 abjectis

67 397 192 430 totum
207 392 410 430 sinistrum
424 405 543 430 cornu
557 392 720 443 defugit,
739 405 882 442 magna
896 398 1046 443 strages
1060 393 1163 431 facta
1177 399 1254 432 est:

67 457 299 507 multosque,
314 457 517 506 imperitos
532 456 652 493 nandi
667 462 736 494 aut
751 456 955 502 invalidos,
973 470 1111 508 graves
1125 456 1254 496 loricis

66 521 228 571 aliisque
267 520 507 570 tegminibus
548 520 710 558 hausere
752 520 936 570 gurgites,
1013 523 1046 559 4.
1078 521 1255 559 Maxima

66 591 198 623 tamen
219 598 308 634 pars
328 584 536 622 incolumis
551 584 671 621 Veios
691 584 861 634 perfugit
878 600 884 622 :
914 584 1019 622 unde
1038 598 1116 623 non
1136 585 1253 624 modo

66 649 249 699 praesidii
279 649 501 699 quicquam,
532 647 599 685 sed
637 661 686 686 ne
723 648 886 685 nuntius
924 648 1082 698 quidem
1121 649 1253 695 cladis,

66 713 231 751 Romam
254 719 313 751 est
332 713 484 750 missus.
543 715 576 750 5.
608 712 673 750 Ab
693 711 834 749 dextro
850 725 982 759 cornu,
999 712 1104 762 quod
1120 713 1253 763 procul

65 792 86 816 a
106 778 266 815 flumine
287 782 326 815 et
346 777 470 827 magis
491 777 562 814 sub
582 781 716 814 monte
736 782 910 823 steterat,
933 777 1098 814 Romam
1120 790 1254 815 omnes

65 843 223 893 petiere,
247 847 295 889 et,
318 854 368 880 ne
397 840 537 879 clausis
566 840 727 891 quidem
755 841 880 891 portis
908 841 1026 887 urbis,
1057 841 1098 879 in
1126 853 1253 880 arcem

63 907 335 957 confugerunt.

102 1045 129 1074 1.
164 1045 227 1074 The
256 1044 366 1080 Gauls,
396 1043 480 1080 after
502 1044 670 1080 gratheri'nq
698 1043 746 1073 the
772 1044 877 1081 spoils,
901 1043 928 1073 3.
952 1046 994 1074 set
1015 1047 1070 1073 out
1093 1046 1123 1073 to
1146 1044 1249 1073 Rome.

64 1096 90 1124 4.
119 1095 217 1123 Their
231 1095 312 1131 spies
327 1097 432 1130 repon-t
447 1095 515 1122 that
534 1103 573 1122 no
591 1094 713 1129 quartis
734 1102 789 1123 are
807 1094 915 1130 posted
935 1094 1001 1122 and
1022 1094 1070 1124 tlze
1089 1095 1151 1130 city
1169 1098 1255 1129 [lates

61 1153 117 1174 are
131 1153 217 1181 open.
261 1144 289 1173 5.
313 1144 454 1180 Fcariny
468 1153 488 1172 a
502 1147 670 1179 stratayem
685 1144 754 1179 they
768 1152 841 1173 enca
848 1153 897 1180 mp
911 1144 1030 1173 outsicle
1044 1144 1093 1173 the
1107 1145 1178 1179 city.

118 1226 185 1267 19.
220 1225 355 1265 Gallos
393 1239 549 1276 quoque
587 1225 879 1275 obstupefactos
917 1225 1147 1264 miraculum
1179 1226 1254 1264 vic—

62 1291 186 1329 toriae
216 1295 297 1328 tam
325 1290 554 1340 repentinae
584 1290 723 1328 tenuit.
783 1289 836 1328 Et
862 1290 938 1340 ipsi
964 1303 1108 1340 pavore
1134 1290 1255 1328 defixi

61 1359 268 1400 steterunt,
283 1354 394 1392 velut
408 1353 546 1405 ignari,
563 1354 659 1404 quid
675 1353 881 1393 accidisset
898 1370 904 1392 :
934 1354 1076 1392 deinde
1092 1354 1255 1392 insidias

61 1419 211 1458 vereri:
239 1423 438 1469 postremo
459 1431 659 1456 caesorum
679 1418 804 1468 spolia
822 1418 961 1470 legere,
980 1419 1254 1469 armorumque

62 1483 247 1530 cumulos,
270 1488 315 1521 ut
333 1496 417 1521 mos
438 1483 485 1520 iis
505 1488 575 1528 est,
598 1495 834 1521 coacervare.
896 1485 926 1520 3.
960 1483 1061 1521 Tum
1081 1482 1250 1531 demum,

61 1554 269 1599 postquam
298 1547 397 1585 nihil
425 1560 592 1597 usquam
621 1546 763 1585 hostile
792 1547 1036 1595 cernebatur,
1065 1547 1170 1585 viam
1198 1547 1255 1584 in-

60 1613 193 1663 gressi,
234 1611 340 1649 haud
382 1611 508 1649 multo
551 1616 642 1650 ante
685 1611 777 1649 solis
814 1625 991 1650 occasum
1030 1610 1079 1649 ad
1117 1611 1252 1650 urbem

61 1677 228 1715 Romam
248 1676 494 1726 perveniunt.
555 1679 587 1714 4.
623 1676 704 1714 Ubi
719 1689 842 1726 quum
858 1676 1072 1727 praegressi
1088 1677 1251 1726 equites,

61 1755 140 1780 non
156 1746 290 1791 portas
306 1740 466 1786 clausas,
483 1753 561 1778 non
583 1741 794 1779 stationem
814 1754 884 1791 pro
904 1740 1028 1791 portis
1047 1740 1249 1786 excubare,

61 1819 140 1844 non
174 1810 346 1843 armatos
380 1817 462 1843 esse
495 1805 535 1842 in
570 1805 693 1842 muris
726 1805 964 1850 retulissent,
996 1804 1103 1843 aliud
1131 1805 1253 1855 priori

60 1869 187 1908 simile
220 1869 453 1907 miraculum
487 1881 552 1907 eos
586 1869 789 1907 sustinuit.
859 1871 893 1907 5.
925 1869 1065 1919 Itaque
1097 1874 1252 1907 noctem

60 1934 188 1981 veriti,
219 1934 455 1984 ignotaeque
484 1933 605 1971 situm
638 1933 758 1980 urbis,
788 1933 894 1972 inter
930 1933 1096 1972 Romam
1133 1939 1253 1983 atque

60 1998 256 2037 Anienem
272 1997 493 2044 consedere,
509 1997 827 2047 exploratoribus
843 1997 971 2035 missis
987 1997 1087 2037 circa
1099 1997 1254 2036 moenia
