1438 2268
88 136 110 171 2
377 132 661 165 SELECTIONS
692 132 823 165 FROM
853 133 981 167 LIVY.

87 253 166 290 qua
190 239 276 288 alia,
299 253 396 290 quae
417 253 499 278 rem
519 239 706 278 miraculo
727 240 927 288 eximeret,
949 240 989 278 in
1019 240 1272 280 altitudinem

87 303 286 342 insolitam
307 304 440 342 crevit.

126 413 154 442 1.
181 413 373 449 Messenssers
397 422 451 442 are
474 415 539 442 sent
564 415 594 442 to
621 413 670 442 the
694 413 826 449 Delphic
850 414 952 443 oraclo
978 416 1008 442 to
1034 414 1091 443 ask
1118 414 1200 444 what
1226 413 1275 444 the

88 464 222 499 procliagt
238 472 350 492 means.
396 462 423 491 2.
448 463 639 491 Meanwhile
657 472 701 491 an
722 463 881 491 Etruscan
899 464 1050 499 prisoner
1072 464 1216 500 explains
1235 465 1272 493 it.

88 513 115 548 3,
130 514 158 548 4,
173 513 199 542 5.
224 513 345 542 Rcturn
361 512 396 548 os
408 513 456 541 tlte
470 521 655 548 messcnssers
665 512 752 548 from
763 513 881 549 Delphi
894 513 969 542 with
983 513 1032 542 the
1045 522 1167 543 answer
1181 513 1217 550 os
1226 514 1276 543 the

88 563 196 592 oraclo.

142 622 182 662 2.
216 622 412 670 Quidnam
450 636 495 660 eo
533 622 588 660 dii
625 622 907 673 portenderent
944 623 1136 674 prodigio,
1167 623 1275 662 missi

88 687 327 724 sciscitatum
348 691 520 724 oratores
540 687 590 724 ad
610 687 844 737 Delphicum
863 687 1072 725 oraculum.
1133 689 1167 726 2.
1198 687 1276 726 Sed

88 752 246 801 propior
266 751 459 801 interpres
480 751 635 789 oblatus
655 751 746 789 fatis
770 751 900 790 senior
928 751 1089 802 quidam
1117 752 1274 799 Veiens,

88 815 154 865 qui
175 816 278 852 inter
298 815 524 853 cavillantes
545 815 585 852 in
606 815 843 854 stationibus
864 829 906 854 ac
927 816 1114 854 custodiis
1131 816 1276 855 milites

88 880 285 918 Romanos
314 879 577 929 Etruscosque
606 879 861 918 vaticinantis
881 880 921 917 in
942 880 1104 919 modum
1123 880 1274 928 cecinit,

89 944 351 994 “priusquam
381 957 430 981 ex
455 943 541 981 lacu
565 943 720 982 Albano
750 957 850 994 aqua
879 945 1019 983 emissa
1046 945 1159 993 foret,
1180 958 1277 983 nun-

88 1022 204 1059 quam
234 1009 454 1058 potiturum
484 1007 593 1046 Veiis
621 1008 881 1047 Romanum.''
938 1010 971 1047 3.
1003 1009 1116 1058 Quod
1135 1010 1273 1060 primo,

87 1073 196 1112 velut
216 1078 361 1111 temere
380 1072 540 1123 jactum,
559 1073 701 1123 sperni,
719 1073 859 1123 agitari
875 1073 1018 1112 deinde
1032 1074 1277 1113 sermonibus

88 1143 268 1189 coeptum
289 1142 356 1175 est.
416 1139 450 1175 4.
483 1136 560 1175 Sed
586 1136 747 1175 tandem
772 1137 891 1188 legati
921 1151 943 1176 a
971 1137 1136 1188 Delphis
1166 1151 1277 1177 vene-

87 1208 192 1250 runt,
213 1207 359 1240 sortem
379 1201 524 1239 oraculi
545 1201 764 1249 afferentes,
787 1207 1065 1253 congruentem
1090 1215 1276 1253 responso

27 1305 31 1310 ,
88 1267 233 1317 captivi
260 1267 386 1305 vatis:
420 1269 442 1286 “
456 1266 643 1313 Romane,
675 1279 816 1316 aquam
846 1266 1041 1305 Albanam
1070 1280 1162 1306 cave
1191 1268 1276 1307 lacu

88 1331 292 1376 contineri,
326 1343 418 1368 cave
450 1330 490 1368 in
525 1343 631 1368 mare
664 1343 824 1369 manare
857 1344 927 1369 suo
958 1331 1118 1371 flumine
1149 1332 1276 1373 sinas:

89 1396 270 1434 emissam
304 1408 375 1445 per
407 1408 520 1446 agros
554 1395 701 1445 rigabis
735 1395 1044 1447 dissipatamque
1080 1396 1176 1435 rivis
1214 1410 1277 1435 ex-

88 1460 275 1511 stingues.
346 1462 377 1497 5.
412 1459 512 1497 Tum
542 1464 586 1497 tu
616 1459 752 1497 insiste
781 1459 912 1498 audax
940 1459 1113 1498 hostium
1142 1461 1276 1506 muris,

89 1538 246 1571 memor,
270 1537 387 1574 quam
408 1537 478 1574 per
497 1529 558 1561 tot
577 1536 700 1562 annos
720 1524 875 1562 obsides
896 1524 1046 1573 urbem,
1065 1537 1115 1563 ex
1140 1538 1185 1564 ea
1204 1525 1277 1564 tibi

88 1589 149 1627 his
169 1602 268 1639 quae
289 1602 392 1626 nunc
413 1587 643 1638 panduntur
663 1588 754 1626 fatis
771 1588 975 1627 victoriam
991 1589 1123 1627 datam
1140 1605 1147 1628 :
1174 1589 1276 1628 bello

87 1653 259 1703 perfecto
280 1653 427 1691 donum
448 1652 621 1703 amplum
639 1653 763 1690 victor
779 1653 827 1690 ad
843 1666 930 1691 mea
945 1653 1092 1704 templa
1106 1659 1274 1704 portam,

88 1731 283 1768 sacraque,
326 1730 493 1768 quorum
537 1717 680 1755 omissa
722 1730 813 1755 cura
855 1723 924 1765 est,
965 1717 1193 1766 instaurata,
1233 1725 1278 1757 ut

88 1782 241 1830 assolet,
265 1781 418 1821 facito.''

113 1887 153 1917 ·1.
178 1887 225 1916 M.
244 1887 366 1916 FurIus
383 1886 536 1917 Camillus
554 1887 725 1923 appointed
745 1887 891 1922 dictator,
908 1886 936 1916 2.
953 1889 1081 1917 restores
1094 1887 1273 1924 confident-e.

87 1937 114 1967 4.
134 1938 287 1974 punislzcs
306 1945 386 1967 some
406 1937 558 1966 deserters
578 1937 654 1971 and,
679 1936 706 1965 5,
727 1937 816 1965 holds
834 1946 855 1965 a
872 1937 939 1973 levy
954 1940 989 1966 at
1008 1937 1111 1966 Rome.
1162 1937 1189 1966 6.
1215 1937 1278 1967 His

87 1996 165 2017 vows
180 1990 210 2017 to
225 1987 273 2016 the
286 1987 361 2023 yods
378 1986 408 2023 if
417 1986 485 2022 they
500 1990 593 2021 yrun!
608 1987 672 2014 him
691 1987 807 2022 rav-surg]
821 1989 854 2015 at
875 1986 952 2015 Veii.
