1438 2268
438 141 700 174 SELECTION
701 142 724 174 S
756 141 885 174 FROM
919 141 1046 173 LIVY.
1292 142 1338 178 13

188 250 215 286 1,
234 249 260 279 2.
284 250 358 279 Bad
380 250 581 287 qeneralship
607 249 645 286 os
667 250 715 279 the
739 249 891 279 tribunes.
935 249 962 279 6.
988 251 1016 278 Α
1038 252 1125 286 preat
1146 252 1224 286 parc
1239 248 1276 285 ⁰s
1291 249 1340 278 the

149 299 272 330 Roman
286 309 378 336 army
386 300 461 336 flees
475 304 504 329 to
524 300 602 330 Veii.

204 370 266 414 17.
299 371 360 410 Ibi
381 372 531 410 tribuni
552 371 738 418 militum,
756 383 834 409 non
852 370 936 409 loco
952 371 1088 409 castris
1103 375 1194 409 ante
1210 375 1336 421 capto,

148 448 226 473 non
244 435 490 486 praemunito
507 435 621 482 vallo,
637 448 716 485 quo
731 440 911 486 receptus
927 440 1039 482 essct,
1055 448 1125 473 nec
1139 435 1338 485 auspicato

148 511 218 538 nec
251 499 365 538 litato
399 500 603 538 instruunt
635 499 758 537 aciem
791 499 996 537 diductam
1029 499 1069 537 in
1103 512 1257 546 cornua,
1289 512 1337 538 ne

147 563 422 602 circumveniri
443 577 465 602 a
484 563 742 601 multitudine
763 563 936 601 hostium
962 569 1130 614 possent.
1191 565 1224 601 2.
1255 563 1338 602 Nec

146 632 279 666 tamen
317 629 475 678 aequari
514 628 663 666 frontes
701 633 895 679 poterant,
931 641 1052 678 quum
1086 628 1338 667 extenuando

146 692 340 730 infirmam
362 698 402 731 et
421 693 488 731 vix
509 692 782 731 cohaerentem
803 692 973 730 mediam
994 693 1113 730 aciem
1134 692 1333 731 haberent.

147 757 182 795 3.
213 756 395 795 Paullum
415 762 500 795 crat
520 770 542 795 a
561 756 703 795 dextra
723 757 819 795 editi
840 757 925 804 loci,
948 770 1063 807 quern
1094 756 1338 795 subsidiariis

146 820 287 871 repleri
308 819 478 871 placuit:
509 833 630 871 eaque
651 833 723 867 res,
744 826 790 858 ut
804 821 963 859 initium
979 821 1135 871 pavoris
1151 834 1193 859 ac
1208 821 1334 871 fugae,

145 884 199 922 sic
238 897 316 923 una
353 884 457 923 salus
495 885 739 936 fugientibus
776 885 862 923 fuit.
936 888 969 923 4.
1002 885 1104 923 Nam
1143 884 1334 933 Brennus,

145 949 302 1000 regulus
322 949 538 995 Gallorum,
560 949 601 987 in
623 949 821 1000 paucitate
841 949 1014 988 hostium
1035 954 1159 988 artem
1180 950 1333 998 timens,

143 1012 194 1051 ad
214 1013 469 1052 subsidiarios
489 1014 601 1064 signa
620 1014 826 1052 convertit.
885 1016 919 1051 5.
952 1013 1055 1052 Nam
1071 1013 1177 1052 haud
1193 1013 1336 1052 dubius

144 1077 231 1125 fuit,
262 1078 292 1116 si
323 1091 388 1116 eos
417 1077 502 1116 loco
531 1077 759 1128 depulisset,
791 1077 946 1116 facilem
975 1078 1015 1116 in
1043 1091 1169 1128 aequo
1199 1091 1335 1129 campo

145 1146 299 1180 tantum
330 1142 534 1192 superanti
563 1141 814 1180 multitudini
840 1142 1045 1181 victoriam
1072 1142 1163 1181 fore.
1224 1144 1256 1181 6.
1289 1142 1335 1181 In

144 1205 269 1245 altera
286 1206 368 1244 acie
389 1206 487 1244 nihil
509 1206 635 1244 simile
656 1206 855 1254 Romanis,
879 1220 957 1246 non
978 1206 1082 1257 apud
1106 1206 1235 1253 duces,
1256 1220 1334 1246 non

145 1270 249 1322 apud
288 1270 435 1309 milites
472 1276 567 1309 erat.
640 1272 674 1309 7.
706 1271 835 1310 Pavor
871 1271 1040 1322 fugaque
1079 1278 1336 1322 occupaverat

143 1335 305 1383 animos,
328 1340 368 1373 et
387 1340 500 1373 tanta
520 1335 667 1374 oblivio
687 1336 862 1374 omnium
883 1341 929 1374 ut
947 1335 1073 1374 multo
1096 1335 1223 1386 major
1247 1349 1336 1387 pars

144 1399 273 1446 Veios,
295 1399 336 1437 in
356 1398 530 1437 hostium
552 1399 701 1447 urbem,
723 1413 845 1450 quum
864 1400 1016 1438 Tiberis
1036 1405 1195 1447 arceret,
1218 1413 1334 1450 quam

143 1469 249 1502 recto
269 1463 411 1502 itinere
431 1463 598 1502 Romam
619 1463 668 1502 ad
689 1464 875 1515 conjuges
895 1478 938 1502 ac
957 1464 1101 1504 liberos
1122 1464 1314 1515 fugerent.

182 1580 209 1615 1,
226 1579 253 1609 2.
293 1579 427 1610 General
454 1579 599 1609 disorder
621 1579 690 1609 and
707 1580 802 1617 fliylzt
826 1580 862 1616 of
883 1581 932 1610 the
950 1581 1075 1610 Roman
1094 1590 1186 1617 army
1207 1581 1336 1611 without

141 1630 277 1665 drikiny
297 1639 317 1658 α
338 1630 423 1659 blow.
467 1630 495 1659 3.
522 1630 619 1659 Orcat
633 1631 791 1666 xlauqlzter
806 1630 900 1666 osthe
913 1630 969 1667 lest
985 1631 1068 1667 winq
1081 1630 1119 1667 of
1134 1631 1183 1661 tlte
1196 1631 1336 1661 Romans

141 1683 176 1709 at
203 1680 253 1720 the
283 1679 396 1710 Tiber:
426 1688 524 1716 many
548 1680 699 1709 drowned
724 1681 759 1709 in
785 1681 834 1710 the
859 1681 951 1710 river.
997 1680 1024 1710 5.
1056 1681 1120 1710 The
1143 1681 1228 1717 riqht
1253 1682 1336 1717 ποίης]

142 1739 262 1767 “capes
276 1733 306 1759 to
320 1730 424 1759 Romae.

197 1795 266 1836 18.
298 1796 517 1846 Parumpcr
554 1795 809 1834 subsidiarios
843 1802 997 1835 tutatus
1031 1802 1090 1835 est
1123 1796 1253 1835 locus:
1295 1797 1335 1835 in

142 1860 293 1911 reliqua
312 1861 404 1907 acie,
427 1873 506 1899 non
526 1860 645 1899 modo
664 1873 745 1899 non
766 1866 920 1899 tentato
942 1861 1167 1906 certamine,
1189 1861 1257 1900 sed
1286 1874 1336 1899 ne

142 1924 311 1963 clamore
337 1923 500 1975 quidem
525 1923 694 1972 reddito,
716 1925 860 1975 integri
890 1925 1107 1975 intactique
1136 1925 1334 1976 fugerunt.

144 1989 177 2027 2.
209 1988 293 2028 Nec
331 1987 412 2027 ulla
450 1987 587 2026 caedes
625 1989 892 2040 pugnantium
929 1989 1031 2027 fuit:
1081 1994 1191 2040 terga
1227 2001 1338 2028 caesa
