1438 2268
418 144 704 178 SELECTIONS
736 144 866 177 FROM
897 143 1025 176 LIVY.
1279 145 1327 182 23

135 252 280 292 habita.
352 254 385 291 3.
417 252 465 290 In
494 252 636 302 quibus
665 264 787 302 quum
815 250 1034 289 identidem
1063 250 1167 289 Galli
1196 250 1325 288 famen

135 316 360 367 objicerent,
383 330 504 367 eaque
526 315 757 354 necessitate
781 315 828 353 ad
857 314 1101 353 deditionem
1130 319 1324 361 vocarent,

135 379 289 427 dicitur,
313 379 552 419 avertendae
582 380 665 429 ejus
695 379 891 429 opinionis
920 392 1044 424 causa,
1070 378 1204 416 multis
1233 377 1326 416 locis

134 444 247 495 panis
275 443 324 482 de
354 443 550 494 Capitolio
575 444 747 494 jactatus
768 456 849 481 esse
870 443 909 481 in
929 442 1103 481 hostium
1124 442 1323 480 stationes.

135 509 167 546 4.
202 508 280 546 Sed
304 508 387 558 jam
412 521 540 558 neque
564 507 802 546 dissimulari
824 520 950 557 neque
969 507 1061 545 ferri
1082 506 1185 544 ultra.
1204 506 1326 545 fames

133 577 299 623 poterat.
372 575 404 610 5.
448 572 588 622 Itaque
621 571 715 610 dum
747 571 918 609 dictator
946 571 1142 610 delectum
1173 571 1324 609 Ardeae

132 635 261 684 habet,
293 637 588 686 exercitumque
617 641 729 686 parat
761 636 1011 686 instruitque,
1047 635 1189 686 quibus
1219 635 1325 674 haud

83 745 88 748 Ι
131 699 259 751 impar
278 700 479 738 adoriatur
499 700 641 747 hostes,
665 700 824 738 interim
845 699 1091 750 Capitolinus
1115 699 1321 747 exercitus,

131 764 367 802 stationibus
402 764 625 814 vigiliisque
659 764 794 811 fessus,
831 777 898 814 spe
932 777 1087 814 quoque
1116 763 1211 813 jam,
1244 777 1321 802 non

130 828 217 867 cibo
245 828 372 866 solum
401 827 620 873 deficiente,
644 841 684 866 se
710 827 812 874 dedi,
835 827 897 865 vel
918 827 1068 875 redimi,
1091 841 1323 878 quacunque

130 893 310 942 pactione
330 897 500 943 possent,
522 891 649 942 jussit.
710 894 743 930 6.
775 891 879 930 Galli
910 905 986 930 non
1017 892 1180 930 obscure
1204 891 1325 942 jacta-

129 956 226 995 bant
254 969 294 995 se
323 955 430 994 haud
459 969 603 1006 magna
630 955 809 994 mercede
839 955 979 994 adduci
1007 968 1131 1006 posse,
1153 961 1198 993 ut
1225 956 1323 995 obsi-

128 1019 287 1059 dionem
306 1020 544 1070 relinquant.

170 1142 234 1171 The
249 1142 351 1172 Gauls
365 1150 458 1178 ayree
472 1145 502 1171 to
516 1142 611 1171 retire
626 1145 672 1170 on·
682 1142 837 1177 receiving]
851 1151 871 1170 a
886 1141 974 1177 Iarste
987 1150 1056 1171 sum
1070 1141 1107 1177 of
1123 1151 1242 1179 money.
1290 1143 1318 1179 3,

127 1191 155 1221 4.
179 1191 201 1221 I
202 1192 320 1221 nsolent
335 1191 508 1221 beham'our
521 1191 560 1228 os
569 1191 727 1220 Brennus.

181 1263 257 1305 32.
291 1263 393 1301 Tum
413 1268 572 1301 senatus
591 1263 751 1301 habitus
771 1268 854 1301 est:
884 1268 924 1301 et
950 1263 1121 1301 tribunis
1149 1263 1319 1302 militum

126 1328 330 1378 negotium
351 1327 499 1375 datum,
522 1333 567 1365 ut
587 1328 888 1378 paciscerentur.
949 1330 981 1365 2.
1013 1327 1112 1366 Inde
1141 1328 1246 1366 inter
1273 1329 1317 1376 Q.

127 1391 344 1442 Sulpicium
378 1391 583 1429 tribunum
618 1391 791 1429 militum
825 1396 865 1429 et
902 1391 1104 1430 Brennum
1142 1392 1320 1443 regulum

125 1455 329 1494 Gallorum
358 1455 552 1506 colloquio
578 1460 776 1494 transacta
796 1468 857 1494 res
886 1461 956 1502 est,
987 1461 1027 1494 et
1055 1455 1161 1494 mille
1189 1456 1322 1506 pondo

124 1520 209 1558 auri
229 1520 400 1570 pretium
424 1519 569 1570 populi,
591 1519 776 1570 gentibus
795 1533 888 1557 mox
909 1519 1150 1570 imperaturi,
1173 1520 1320 1558 factum

125 1590 194 1623 est.
255 1586 288 1622 3.
320 1584 392 1622 Rei
421 1584 667 1622 foedissimae
688 1597 758 1634 per
777 1597 816 1622 se
837 1583 992 1634 adjecta
1013 1583 1227 1635 indignitas
1248 1591 1316 1622 est.

125 1652 157 1686 4.
191 1648 372 1687 Pondera
400 1649 449 1687 ab
478 1648 604 1686 Gallis
633 1648 770 1698 iniqua
799 1648 918 1686 allata
946 1653 1049 1692 sunt,
1081 1654 1121 1686 et
1158 1649 1320 1687 tribuno

123 1707 326 1751 recusante
353 1712 514 1751 additus
538 1713 586 1751 ab
606 1712 800 1751 insolente
821 1712 936 1751 Gallo
957 1712 1120 1763 ponderi
1141 1713 1319 1764 gladius:

123 1776 336 1828 auditaque
357 1790 433 1815 vox
454 1777 645 1815 Romanis
665 1776 924 1824 intoleranda,
949 1781 971 1797 ‘⁶
986 1777 1067 1816 Vae
1087 1778 1201 1816 victis
1218 1777 1258 1816 !'’

161 1898 385 1934 Negyotiatz'zms
399 1898 528 1935 stuppea
542 1898 580 1934 by
600 1898 648 1927 the
667 1898 795 1927 arrival
815 1897 853 1934 os
870 1898 1024 1927 Camillus
1037 1898 1126 1934 from
1146 1898 1223 1934 Veii,
1242 1898 1316 1934 who,

121 1948 151 1978 5.
177 1957 328 1985 prepara
347 1948 404 1985 sor
428 1948 531 1984 battle,
559 1949 636 1984 and,
667 1948 747 1977 8-10.
779 1948 898 1984 dcscats
925 1949 974 1978 the
1004 1949 1104 1978 Gauls
1129 1949 1202 1977 with
1229 1951 1318 1985 yreaz

122 1998 284 2034 ulauykter
298 1999 336 2027 in
350 2001 407 2027 two
421 1998 583 2027 eneces-sive
597 2002 819 2034 enyayemenex.
