1438 2268
435 126 722 165 SELECTIONS
754 131 884 165 FROM
916 128 1042 165 LIVY.
1289 131 1332 171 11

147 252 230 278 esse
245 239 264 255 ’'
309 239 492 278 ferociter
537 239 835 290 responderunt.
913 242 947 278 2.
979 239 1119 290 Itaque
1166 239 1336 278 accensis

146 303 345 354 utrimque
382 303 523 342 animis
561 303 611 342 ad
649 317 758 343 arma
790 303 1034 350 discurritur,
1070 309 1110 342 et
1142 303 1333 354 proelium

146 368 374 406 conseritur.
435 369 468 406 3.
500 368 572 415 Ibi,
590 367 671 418 jam
694 368 926 419 urgentibus
952 367 1171 406 Romanam
1198 367 1335 406 urbem

145 432 248 477 fatis,
270 431 389 482 legati
409 438 546 471 contra
561 432 625 483 jus
640 433 819 483 gentium
836 446 943 471 arma
958 433 1128 483 capiunt.
1186 434 1221 470 4.
1251 432 1290 471 N
1293 446 1336 471 ec

144 495 186 534 id
210 495 309 534 clam
330 509 413 534 esse
431 497 574 546 potuit,
597 509 719 547 quum
740 503 831 535 ante
850 497 962 548 signa
980 497 1235 535 Etruscorum
1255 502 1335 535 tres

143 559 377 598 nobilissimi
416 560 696 611 fortissimique
738 560 938 599 Romanae
975 561 1199 611 juventutis
1241 574 1334 612 pug-

143 629 308 662 narent:
337 629 492 662 tantum
517 625 716 663 eminebat
740 625 945 676 peregrina
970 625 1107 663 virtus.
1164 626 1198 662 5.
1230 624 1333 672 Quin

23 711 26 713 Δ
85 730 89 734 .
142 688 263 727 etiam
293 688 337 736 Q.
373 688 529 735 Fabius,
565 694 724 727 evectus
754 694 867 727 extra
897 689 1019 727 aciem
1051 702 1162 739 equo,
1195 689 1334 728 ducem

142 752 357 799 Gallorum,
379 752 560 790 ferociter
580 753 621 790 in
641 753 754 804 signa
775 752 1031 791 Etruscorum
1055 753 1330 801 incursantem,

141 830 211 867 per
247 816 351 855 latus
383 817 619 854 transfixum
652 817 777 863 hasta,
808 817 961 856 occidit.
1021 818 1054 856 6.
1086 816 1220 867 Spolia
1247 817 1333 868 ejus

141 880 338 932 legentem
366 880 470 920 Galli
500 894 704 932 agnovere,
730 894 877 932 perque
907 887 1032 920 totam
1061 881 1194 929 aciem,
1217 881 1332 920 Rom-

140 957 257 983 anum
278 945 452 996 legatum
472 958 566 992 esse,
588 945 744 996 signum
764 945 902 984 datum
921 951 994 984 est.

178 1094 238 1123 1-4.
266 1094 329 1123 ΤῘιε
351 1095 452 1124 Ganls
471 1094 547 1124 send
567 1097 597 1123 to
614 1095 709 1124 Rome
730 1097 759 1123 to
779 1095 937 1131 complain
958 1094 996 1131 of
1011 1095 1059 1124 the
1079 1094 1210 1124 conduct
1230 1094 1266 1131 of
1282 1095 1331 1124 the

138 1153 260 1181 envoys,
277 1144 306 1179 5,
323 1144 350 1173 6.
375 1145 449 1180 ωΙιο,
472 1145 597 1173 instead
617 1144 652 1180 of
671 1144 760 1180 being]
777 1145 870 1180 (liz-cn
892 1154 943 1181 up,
967 1153 1025 1174 are
1047 1145 1220 1181 appointed
1244 1144 1330 1175 ‘con-

138 1195 230 1224 sular
245 1193 407 1224 tribunes!
449 1195 476 1225 7.
505 1194 567 1223 The
583 1203 695 1230 enroys
708 1194 744 1230 os
754 1195 803 1224 the
820 1193 1041 1231 Gauls,justly
1054 1194 1207 1231 incensed,
1220 1197 1328 1224 return

138 1247 168 1273 ιο
182 1244 264 1273 their
278 1253 367 1281 camp
382 1244 501 1280 vowiny
515 1253 693 1281 venyeance.

193 1331 260 1373 15.
293 1332 448 1371 Omissa
475 1331 568 1371 inde
596 1332 637 1370 in
666 1331 849 1371 Clusinos
876 1332 945 1379 ira,
966 1332 1141 1383 receptui
1170 1338 1327 1379 canunt,

137 1397 334 1435 minantes
353 1396 552 1434 Romanis.
613 1399 646 1434 2.
676 1395 811 1444 Erant,
837 1397 903 1447 qui
933 1396 1132 1447 extemplo
1161 1397 1328 1436 Romam

137 1460 312 1500 eundum
331 1466 544 1499 censerent.
605 1462 637 1498 3.
670 1460 809 1499 Vicere
826 1461 1008 1508 seniores,
1027 1466 1072 1499 ut
1087 1461 1205 1512 legati
1219 1461 1329 1512 prius

136 1525 391 1564 mitterentur
419 1530 603 1575 questum
633 1524 800 1575 injurias
829 1525 1163 1576 postulatumque,
1186 1531 1232 1564 ut
1257 1539 1328 1576 pro

131 1591 220 1641 jure
257 1589 434 1641 gentium
472 1589 619 1627 violato
657 1589 770 1628 Fabii
803 1589 1052 1628 dederentur.
1123 1591 1157 1628 4.
1188 1590 1329 1641 Legati

135 1654 339 1698 Gallorum
361 1667 483 1704 quum
499 1666 554 1701 ea,
573 1654 673 1691 sicut
694 1660 806 1692 erant
826 1654 1023 1700 mandata,
1042 1654 1324 1705 exposuissent,

135 1732 214 1758 non
231 1719 385 1757 senatui
402 1717 582 1768 placebat
594 1718 737 1756 factum
754 1718 978 1766 Fabiorum,
996 1724 1036 1756 et
1050 1719 1113 1768 jus
1128 1719 1326 1769 postulare

135 1783 291 1821 barbari
313 1782 558 1821 videbantur.
618 1784 651 1819 5.
685 1782 762 1820 Sed
792 1782 955 1821 ambitio
984 1783 1167 1821 obstabat
1194 1796 1244 1822 ne
1271 1783 1325 1829 id,

134 1847 239 1898 quod
260 1847 449 1898 placebat,
471 1845 727 1884 decernerent
747 1847 787 1884 in
810 1852 944 1885 tantae
970 1847 1190 1886 nobilitatis
1218 1847 1323 1886 viris.

134 1914 168 1950 6.
200 1911 351 1962 Itaque,
387 1923 436 1949 ne
474 1923 594 1961 penes
631 1910 736 1961 ipsos
773 1911 889 1961 culpa
925 1917 1028 1950 esset
1065 1911 1186 1950 cladis
1223 1913 1325 1952 forte

133 1975 286 2014 Gallico
333 1974 436 2014 bello
483 1980 675 2025 acceptae,
715 1975 980 2027 cognitionem
1024 1975 1074 2014 de
1115 1976 1326 2026 postulatis
