1438 2268
390 146 676 181 SELEC'I'ION'S
707 146 837 179 FROM
870 146 997 180 LIVY.
1269 148 1291 184 3

157 254 202 296 3.
233 254 318 293 Iam
355 267 405 294 ex
442 254 529 293 lacu
566 254 722 293 Albano
760 268 863 306 aqua
899 255 1041 293 emissa
1081 254 1123 292 in
1165 266 1290 305 agrOS,

105 318 300 369 Veiosque
328 319 410 357 fata
437 319 686 369 appetebant.
752 321 784 357 2.
817 319 945 370 Igitur
973 318 1103 357 fatalis
1132 317 1214 356 dux
1243 317 1292 355 ad

105 383 301 422 excidium
320 382 426 421 illius
445 383 554 421 urbis
574 382 865 433 servandaeque
895 383 1044 433 patriae
1073 382 1127 420 M.
1151 382 1292 420 Furius

105 446 295 486 Camillus
323 447 494 486 dictator
522 447 651 485 dictus
679 447 909 496 magistrum
937 447 1115 497 equitum
1138 446 1181 484 P.
1204 446 1295 485 Cor-

105 510 253 550 nelium
286 511 510 562 Scipionem
538 511 654 549 dixit.
714 512 746 550 3.
779 511 922 550 Omnia
941 516 1102 562 repente
1122 516 1293 549 mutave-

105 581 205 623 rant,
245 575 480 626 imperatore
517 580 695 614 mutato:
743 575 818 614 alia
863 589 960 625 spes,
1001 575 1100 613 alius
1142 575 1295 613 animus

105 639 320 686 hominum,
335 640 493 678 fortuna
505 652 660 690 quoque
674 639 750 677 alia
762 639 869 677 urbis
882 639 1017 678 videri.
1054 642 1087 677 4.
1107 639 1295 677 Omnium

106 704 274 754 primum
304 703 345 742 in
374 717 450 751 eos,
476 705 543 754 qui
572 717 595 741 a
625 703 733 742 Veiis
761 704 802 741 in
830 703 898 741 illo
928 717 1070 753 pavore
1099 704 1294 754 fugerant,

68 765 72 769 “
105 781 215 806 more
267 768 429 806 militari
483 768 774 815 animadvertit,
824 768 1029 818 effecitque
1076 781 1125 806 ne
1172 768 1296 806 hostis

106 832 277 871 maxime
309 831 509 870 timendus
542 831 657 870 militi
696 836 808 870 esset.
881 835 912 870 5.
946 831 1113 880 Deinde,
1148 831 1296 870 indicto

107 896 255 935 dilectu
283 897 323 934 in
349 896 454 935 diem
481 902 637 943 certam,
661 896 742 946 ipse
772 896 939 934 Romam
969 896 1017 934 ad
1047 895 1298 934 scribendum

107 974 254 1000 novum
292 961 508 999 exereitum
542 960 658 1007 redit,
689 960 798 999 nullo
826 960 1072 999 detrectante
1100 960 1295 998 militiam.

109 1027 143 1064 6.
174 1024 386 1076 Peregrina
406 1024 524 1063 etiam
543 1025 743 1075 juventus,
765 1024 897 1063 Latini
919 1024 1169 1075 Hernicique,
1192 1037 1300 1075 oper-

107 1102 171 1128 am
196 1102 306 1128 suam
331 1088 560 1139 pollicentes
583 1089 634 1127 ad
662 1088 703 1127 id
731 1089 878 1127 bellum
907 1094 1128 1128 venerunt:
1157 1089 1299 1139 quibus

107 1153 254 1205 gratias
268 1154 310 1191 in
325 1159 463 1192 senatu
479 1153 560 1204 egit
575 1153 757 1200 dictator,
774 1158 823 1200 et,
843 1153 936 1191 satis
951 1153 1033 1204 jam
1053 1153 1234 1192 omnibus
1249 1152 1299 1191 ad

108 1217 150 1257 id
170 1217 316 1257 bellum
336 1218 493 1268 paratis,
517 1218 629 1255 vovit
648 1231 698 1264 se,
723 1217 831 1256 Veiis
851 1218 986 1268 captis,
1004 1217 1118 1256 ludos
1137 1230 1299 1268 magnos

109 1283 303 1321 facturum
337 1295 430 1330 esse,
467 1281 683 1332 aedemque
721 1282 902 1320 Matutae
940 1281 1092 1330 Matris,
1128 1281 1178 1320 ab
1211 1295 1300 1333 rege

111 1347 248 1387 Servio
269 1346 399 1385 Tullio
419 1345 651 1393 dedicatam,
674 1346 923 1385 refecturum.

150 1490 178 1527 1,
202 1489 229 1519 2.
260 1490 416 1519 Suc-cesses
442 1490 572 1525 aquinst
599 1489 647 1518 the
670 1489 789 1519 Falisci
818 1489 886 1518 and
912 1489 1092 1526 Capenam.
1150 1488 1178 1519 3.
1207 1489 1303 1519 areat

111 1542 279 1580 sponsans
294 1542 362 1571 into
376 1542 425 1571 the
438 1540 602 1571 dictator-'s
615 1542 727 1570 hands.
771 1542 798 1571 4.
825 1542 890 1571 The
904 1551 998 1578 army
1010 1543 1038 1571 ia
1048 1542 1098 1571 led
1112 1545 1142 1571 to
1159 1542 1228 1571 Veii
1236 1542 1304 1571 and

111 1602 133 1622 α
147 1593 231 1622 mine
244 1593 354 1622 driven
372 1595 402 1621 to
417 1592 465 1621 clae
478 1595 569 1621 town.

165 1674 212 1717 4.
238 1674 449 1730 'Profectus
478 1687 565 1713 cum
595 1675 770 1713 exercitu
799 1675 848 1713 ab
876 1674 982 1722 urbe,
1010 1675 1304 1726 exspect-atione

113 1739 318 1779 hominum
338 1738 487 1789 majore
507 1751 626 1789 quam
643 1751 721 1790 spe,
739 1739 781 1776 in
801 1752 893 1790 agro
912 1739 1082 1789 primum
1103 1738 1304 1790 Nepesino

114 1817 202 1843 cum
222 1803 384 1843 Faliscis
404 1809 444 1842 et
463 1803 730 1854 Capenatibus
748 1804 860 1854 signa
875 1803 1036 1842 confert.
1097 1805 1130 1841 2.
1163 1803 1306 1842 Omnia

114 1869 170 1908 ibi
199 1882 353 1908 summa
382 1869 536 1907 ratione
567 1867 808 1918 consilioque
839 1873 927 1906 acta
956 1868 1127 1915 fortuna,
1163 1873 1209 1906 ut
1248 1869 1303 1916 fit,

115 1938 249 1972 secuta
270 1938 340 1972 est.
400 1936 432 1971 3.
465 1932 557 1970 Non
585 1932 734 1983 proelio
760 1937 917 1970 tantum
942 1931 1047 1970 fudit
1075 1931 1209 1971 hostes
1237 1932 1305 1970 sed

115 1997 254 2036 castris
285 2009 442 2048 quoque
476 1996 589 2035 exuit
620 1996 852 2047 ingentique
880 1995 1026 2046 praeda
1054 2001 1116 2034 est
1143 1996 1306 2046 potitus,
