1438 2268
116 169 139 205 4
405 166 689 199 SELECTIONS
721 166 851 198 FROM
882 166 926 197 LI
932 166 1010 198 VY.

114 274 224 323 cnjus
249 287 337 324 pars
367 274 538 311 maxima
564 273 613 310 ad
640 277 888 322 quaestorem
917 272 1074 311 redacta
1103 279 1172 320 est,
1193 273 1297 312 haud

112 337 168 375 ita
187 337 354 376 multum
375 337 492 376 militi
513 337 660 375 datum.
721 339 754 374 4.
787 336 885 375 Inde
901 336 950 375 ad
966 336 1085 375 Veios
1105 337 1298 376 exercitus

113 401 253 439 ductus
273 408 342 449 est,
363 407 401 440 et
420 401 620 439 cuniculus
640 401 681 438 in
702 414 828 439 arcem
849 400 1023 438 hostium
1043 401 1104 452 agi
1125 407 1296 452 coeptus,

112 479 273 516 operum
294 466 467 504 omnium
489 465 604 516 longe
627 465 843 502 maximum
869 471 910 502 et
937 464 1294 504 laboriosissimum.

111 532 145 567 5.
178 529 291 577 Quod
312 543 360 568 ne
381 529 714 567 intermitteretur
742 542 850 579 opuS‚
872 541 950 567 neu
978 529 1050 567 sub
1080 534 1185 568 terra
1212 543 1298 568 con-

111 594 244 631 tinuus
273 594 383 631 labor
412 593 569 632 eosdem
599 594 817 640 conficeret,
847 593 887 631 in
915 598 1048 644 partes
1077 607 1145 632 sex
1174 594 1298 632 muni-

112 663 240 696 torum
271 671 478 696 numerum
508 657 666 695 divisit:
697 670 812 695 senae
832 657 950 696 horae
970 658 1012 695 in
1032 658 1165 696 orbem
1189 658 1296 708 operi

110 721 323 759 attributae
350 726 442 759 sunt
459 737 465 759 :
496 726 609 759 nocte
630 734 672 758 ac
693 720 756 758 die
776 734 978 771 nunquam
998 726 1089 760 ante
1109 722 1296 760 omissum

110 789 178 832 est,
200 797 318 835 quam
338 785 378 823 in
398 798 526 824 arcem
547 785 652 823 viam
671 784 856 823 facerent.

148 926 173 957 1.
200 927 264 957 The
285 927 423 957 dictator
445 927 537 957 sends
558 931 587 957 to
610 928 657 957 tlte
684 931 789 957 senate
811 931 841 957 to
869 928 957 957 know
980 928 1061 958 what
1086 929 1122 958 he
1149 930 1177 959 is
1203 933 1233 959 to
1256 930 1296 960 do

111 976 181 1005 with
202 977 251 1006 the
271 978 359 1013 spoil.
404 978 432 1013 2,
450 978 477 1007 3.
503 978 566 1007 ΤΙιε
580 977 725 1014 different
740 978 886 1014 opinions
906 978 1065 1015 expres-sed
1080 980 1117 1007 in
1131 979 1180 1009 the
1192 983 1296 1010 senate

108 1036 147 1055 on
161 1027 210 1056 the
223 1026 342 1063 subject.

160 1109 202 1150 5.
234 1109 425 1157 Dictator,
441 1123 563 1161 quum
579 1111 660 1161 jam
675 1111 716 1149 in
732 1110 913 1149 manibus
926 1110 1079 1149 videret
1090 1111 1293 1150 victoriam

107 1187 198 1220 esse,
220 1178 455 1224 tantumque
479 1174 645 1225 praedae
669 1175 762 1222 fore,
784 1180 977 1225 quantum
1005 1188 1085 1213 non
1113 1176 1294 1215 omnibus

108 1238 145 1275 in
168 1251 289 1276 unum
311 1238 463 1277 collatis
479 1244 570 1277 ante
585 1238 698 1277 bellis
715 1239 863 1284 fuisset,
881 1238 1033 1277 litteras
1049 1239 1097 1278 ad
1113 1246 1293 1279 senatum

106 1302 213 1340 misit
228 1317 235 1340 :
263 1306 285 1322 “
298 1302 427 1340 Deum
443 1303 724 1357 immortalium
739 1303 995 1355 benignitate,
1013 1304 1093 1342 suis
1107 1304 1291 1352 consiliis,

106 1366 296 1416 patientia
324 1367 508 1414 militum,
530 1367 650 1405 Veios
670 1368 751 1418 jam
770 1367 853 1405 fore
872 1368 913 1405 in
933 1373 1129 1417 potestate
1157 1368 1292 1420 populi

105 1429 282 1468 Romani.
359 1430 463 1479 Quid
501 1431 549 1469 de
587 1431 733 1482 praeda
769 1431 992 1470 faciendum
1035 1433 1292 1471 censerent?'’

106 1496 136 1531 2.
170 1493 282 1532 Duae
312 1501 490 1533 senatum
521 1495 768 1534 distinebant
796 1496 1028 1535 sententiae.
1089 1498 1122 1536 3.
1153 1497 1292 1536 Altera

102 1558 204 1595 senis
234 1558 275 1595 P.
309 1558 472 1597 Licinii:
510 1559 585 1598 iret
614 1560 654 1597 in
684 1565 810 1598 castra
838 1559 970 1606 Veios,
1001 1560 1068 1610 qui
1096 1562 1292 1612 particeps

102 1635 184 1660 esse
222 1622 389 1672 praedae
427 1623 559 1662 vellet.
630 1626 663 1662 4.
696 1623 832 1662 Altera
868 1624 986 1674 Appii
1022 1624 1187 1671 Claudii,
1222 1627 1289 1676 qui

100 1691 237 1724 auctor
258 1694 341 1725 erat
362 1687 550 1738 stipendii
571 1702 620 1726 ex
641 1702 685 1727 ea
705 1688 870 1739 pecunia
897 1688 1015 1727 militi
1044 1690 1288 1738 numerandi,

99 1756 144 1788 ut
164 1764 209 1789 eo
229 1752 359 1790 minus
380 1752 518 1790 tributi
540 1752 650 1802 plebs
671 1753 874 1791 conferret.
934 1756 968 1791 5.
996 1752 1136 1792 Licinii
1157 1759 1286 1793 tamen

98 1815 224 1854 tutior
261 1816 344 1854 visa
377 1822 436 1854 est
470 1818 678 1866 sententia,
715 1830 814 1867 quae
848 1817 1075 1868 popularem
1108 1826 1285 1857 senatum

97 1879 253 1918 faceret.
314 1882 345 1918 6.
378 1880 561 1918 Edictum
580 1881 711 1931 itaque
728 1887 796 1927 est,
815 1881 863 1919 ad
880 1881 1064 1932 praedam
1080 1881 1286 1921 Veientem

96 1943 239 1992 quibus
272 1943 475 1982 videretur
507 1945 546 1982 in
581 1951 706 1982 castra
736 1944 782 1983 ad
815 1945 1046 1983 dictatorem
1074 1945 1286 1996 proficisce-

97 2011 241 2045 rentur.
