1438 2268
423 128 710 171 SELECI'IONS
742 139 873 171 FRoM
906 139 1032 172 Lrvx'.
1281 142 1326 179 17

133 245 411 296 conspexisset,
450 245 626 296 plaustro
664 245 870 296 conjugem
919 259 962 284 ac
999 245 1143 284 liberos
1182 245 1327 284 vehens

130 309 236 348 inter
267 315 437 348 ceteram
468 309 636 354 turbam,
672 323 772 359 quae
807 309 959 348 inutilis
996 309 1100 348 bello
1133 310 1230 348 urbe
1264 323 1327 348 ex-

130 372 303 420 cedebat,
321 374 442 424 jussit
460 386 624 412 uxorem
650 387 694 412 ac
715 386 855 424 pueros
879 373 1127 420 descendere,
1150 374 1324 425 virgines

130 449 316 488 sacraque
336 437 376 476 in
395 437 618 488 plaustrum
638 437 837 488 imposuit,
861 443 901 476 et
921 438 978 477 Ca
988 451 1044 476 >re
1062 439 1256 489 pervexit.

170 574 230 604 1-3.
262 574 414 603 Der-etiem
435 573 474 610 of
492 575 541 604 the
561 577 675 604 mutu.
729 575 757 605 4.
784 575 848 604 The
870 575 972 604 Gauls
991 579 1076 605 enter
1095 576 1144 605 the
1161 577 1234 612 city,
1257 576 1326 606 and

127 624 260 661 proceed
273 628 303 653 to
313 624 458 661 plunder
471 625 505 654 ie.

183 695 261 736 23.
292 695 439 734 Romae
458 695 628 742 interim,
647 695 742 734 satis
757 695 840 745 jam
861 696 1044 734 omnibus
1063 697 1113 735 ad
1133 696 1320 735 tuendam

74 756 79 760 ⁶
129 772 256 798 arcem
290 759 528 810 compositis,
565 760 680 797 turba
715 760 925 806 seniorum,
961 761 1098 799 domos
1137 774 1320 812 regressa,

129 822 345 862 adventum
374 823 560 869 hostium,
582 823 783 863 obstinato
811 824 860 862 ad
890 831 1056 863 mortem
1086 826 1229 871 animo,
1260 839 1324 864 ex—

129 887 320 938 pectabat.
400 889 431 925 2.
465 887 542 935 Qui
581 900 717 926 eorum
756 888 909 927 curules
946 896 1148 940 gesserant
1185 891 1323 941 magis-

128 957 265 997 tratus,
301 951 522 1002 insignibus
565 952 746 990 fortunae
792 953 981 1002 pristinae
1019 954 1154 992 vestiti
1192 954 1322 993 medio

127 1015 283 1054 aedium
303 1015 486 1054 eburneis
506 1014 612 1053 sellis
631 1016 777 1055 sedere.
836 1019 871 1055 3.
903 1018 1014 1064 Sunt,
1037 1018 1103 1068 qui
1126 1017 1181 1057 M.
1200 1018 1321 1057 Fabio

127 1079 310 1130 pontifice
342 1079 516 1118 maximo
555 1080 760 1129 praefante
797 1094 952 1119 carmen
987 1082 1150 1120 tradant
1183 1095 1247 1121 eos
1280 1096 1320 1122 se

125 1143 330 1182 devovisse
343 1157 414 1194 pro
427 1143 556 1193 patria
572 1144 872 1195 Quiritibusque
886 1145 1083 1184 Romanis.
1144 1149 1177 1184 4.
1202 1147 1317 1195 Galli,

125 1208 219 1259 quia
233 1208 467 1258 interposita
483 1215 597 1246 nocte
611 1221 633 1246 a
649 1210 903 1248 contentione
920 1223 1072 1260 pugnae
1088 1212 1319 1250 remiserant

124 1273 287 1318 animos,
302 1272 385 1311 sine
401 1272 470 1319 ira,
489 1272 572 1310 sine
586 1272 726 1311 ardore
741 1274 962 1312 animorum
977 1275 1142 1325 ingressi
1161 1283 1319 1326 postero

123 1336 187 1375 dic
207 1337 355 1384 urbem,
377 1342 538 1387 patente
559 1336 713 1375 Collina
728 1343 852 1388 porta,
870 1339 910 1376 in
926 1339 1054 1377 forum
1069 1341 1316 1391 perveniunt.

125 1404 157 1439 5.
190 1400 289 1440 Inde
310 1401 465 1440 modico
485 1400 623 1439 relicto
648 1401 855 1451 praesidio,
877 1402 1020 1453 dilapsi
1044 1404 1094 1442 ad
1117 1405 1315 1454 praedam,

122 1479 212 1517 pars
231 1465 272 1504 in
292 1465 474 1516 proxima
489 1477 665 1515 quaeque
682 1470 874 1504 tectorum
892 1468 1048 1517 agmine
1064 1475 1184 1506 ruunt
1200 1485 1207 1507 z
1227 1483 1317 1520 pars

122 1530 274 1577 ultima,
304 1529 415 1568 velut
442 1530 592 1568 intaeta
625 1535 665 1568 et
698 1531 843 1569 referta
875 1531 1034 1582 praeda,
1066 1539 1223 1583 petunt.
1281 1537 1314 1573 6.

122 1594 221 1633 Inde
258 1607 391 1633 rursus
423 1594 508 1644 ipsa
541 1593 754 1634 solitudine
783 1595 997 1643 absterriti,
1027 1610 1076 1635 ne
1105 1611 1183 1648 qua
1210 1599 1317 1638 fraus

121 1659 276 1698 hostilis
304 1672 424 1710 vagos
452 1658 661 1709 exciperet,
686 1660 726 1698 in
754 1660 883 1699 forum
911 1674 953 1700 ac
983 1663 1204 1713 propinqua
1232 1664 1316 1703 foro

121 1723 205 1763 loca
223 1717 448 1775 conglobati
469 1722 663 1761 redibant.

159 1844 187 1880 1,
203 1843 231 1874 2.
270 1845 336 1873 One
361 1844 399 1880 of
420 1845 469 1874 the
495 1849 638 1874 senators
663 1849 780 1874 resentn
810 1855 850 1874 an
883 1846 982 1875 insule
1005 1846 1119 1882 offered
1140 1847 1204 1875 him
1231 1847 1269 1884 by
1295 1857 1317 1876 a

120 1894 215 1929 Gaul,
240 1895 336 1924 which
359 1895 454 1931 leuas,
478 1895 539 1924 3-4.
567 1899 596 1924 to
615 1905 635 1924 a
654 1897 782 1931 [tener-al
802 1896 965 1931 slauymer
985 1897 1052 1925 and
1072 1897 1263 1926 destruction
1285 1897 1322 1933 of

118 1944 168 1974 the
187 1945 259 1980 city.
303 1945 330 1979 5.
349 1945 377 1981 6,
397 1945 423 1975 7.
449 1946 592 1981 Anxie&
605 1945 643 1981 of
657 1946 704 1974 the
725 1949 828 1982 troops
847 1947 879 1974 in
901 1947 948 1975 the
971 1946 1106 1982 Capitol,
1130 1947 1194 1975 wlm
1215 1956 1315 1976 never—

118 1994 225 2024 tloeless
237 1995 350 2024 molt-e
365 1999 394 2024 to
410 1996 566 2024 maintain
583 1995 664 2024 their
675 1996 831 2031 position.

708 2043 732 2070 B
