1438 2268
412 140 698 174 SELECTIONS
729 140 859 175 FROM
891 141 1019 174 LIVY.
1289 143 1311 181 7

126 247 393 286 venerabundi
412 248 601 299 templum
622 248 755 287 iniere.
814 250 849 286 5.
881 248 1014 286 Primo
1043 248 1221 299 religiose
1251 248 1314 286 ad-

124 311 336 350 movebant
354 324 493 350 manus
510 328 517 350 :
547 311 653 362 quod
673 311 715 350 id
734 312 901 363 signum,
920 325 1028 351 more
1043 313 1218 359 Etrusco,
1237 313 1313 351 nisi

124 380 251 414 certae
268 375 398 426 gentis
418 375 609 424 sacerdos,
631 381 841 415 attrectare
862 389 942 415 non
962 382 1064 415 esset
1083 376 1234 415 solitus.

163 495 188 526 1.
216 496 373 526 Anecdote
400 497 564 527 connected
590 497 663 526 with
692 497 741 527 che
768 498 905 527 removal
930 497 966 534 of
989 498 1039 527 the
1066 498 1173 534 imaqe.
1230 498 1258 535 3,
1283 499 1310 528 4.

125 545 294 576 Greatness
307 545 345 582 os
358 546 428 576 Veii
443 547 572 576 attested
585 547 622 584 by
637 547 686 577 the
699 547 801 584 lcnytlz
818 547 856 584 of
867 548 904 577 its
918 549 1010 584 sicae.

177 616 219 657 9.
252 615 407 655 Deinde
427 630 548 668 quum
569 617 742 668 quidam,
765 631 832 656 seu
853 617 996 668 spiritu
1016 618 1152 657 divino
1173 624 1311 666 tactus,

121 693 191 720 seu
205 681 382 731 juvenali
397 682 496 732 joco,
518 686 540 702 “
553 681 674 721 Visne
694 682 860 720 Romam
877 682 943 729 ire,
960 682 986 720 J
991 682 1118 722 uno?”
1133 683 1310 731 dixisset,

10 739 14 741 “
72 756 77 760 ·
122 745 305 784 annuisse
343 745 463 784 ceteri
500 745 614 784 deam
656 746 1008 785 conclamaverunt.
1096 750 1128 785 2.
1162 747 1313 786 Motam

121 814 227 848 certe
246 809 338 848 sede
357 823 427 848 sua
445 810 557 861 parvi
578 810 797 849 molimenti
817 810 1066 849 adminiculis
1082 812 1310 862 accepimus,

120 873 393 925 integramque
422 874 464 912 in
492 875 750 920 Aventinum,
781 882 981 913 aeternam
1020 875 1152 914 sedem
1190 889 1311 923 suam,

121 937 337 989 perlatam:
367 937 436 977 ubi
464 938 655 989 templum
685 938 720 977 ei
749 944 885 990 postea
913 939 1028 987 idem,
1051 940 1116 990 qui
1139 946 1311 987 voverat,

121 1001 312 1041 Camillus
349 1001 558 1041 dedicavit.
632 1004 665 1041 3.
699 1003 775 1041 Hic
809 1002 998 1042 Veiorum
1031 1017 1187 1042 occasus
1225 1005 1311 1051 fuit,

121 1066 229 1104 urbis
261 1066 583 1117 opulentissimae
617 1067 773 1106 Etrusci
807 1068 988 1106 nominis.
1048 1071 1082 1106 4.
1115 1069 1314 1120 Magnitu-

121 1130 253 1170 dinem
279 1144 389 1170 suam
417 1131 481 1170 vel
509 1131 649 1170 ultima
677 1131 786 1171 clade
815 1132 1017 1180 indicavit,
1039 1133 1156 1184 quod,
1179 1134 1312 1173 decem

119 1200 289 1234 aestates
318 1195 544 1247 hiemesque
573 1197 780 1235 continuas
809 1197 976 1244 obsessa,
1000 1204 1209 1248 postremo,
1229 1198 1313 1249 jam

119 1259 202 1298 fato
221 1273 378 1311 quoque
397 1266 574 1312 urgente,
602 1261 786 1312 operibus
813 1266 957 1307 tamen,
984 1275 1063 1300 non
1090 1262 1140 1309 vi,
1168 1275 1314 1315 oppug—

120 1329 214 1363 nata
233 1329 302 1363 est.

160 1444 186 1474 1.
211 1443 390 1481 Reioicinys
412 1447 446 1474 at
470 1445 566 1475 Rome
591 1445 678 1475 when
703 1454 783 1475 news
804 1446 832 1475 is
855 1445 985 1482 bronyht
1006 1445 1044 1483 of
1062 1447 1112 1476 the
1131 1450 1262 1484 capture
1281 1447 1318 1485 of

124 1495 204 1524 Veii.
248 1494 276 1524 2.
305 1495 369 1524 The
389 1498 494 1524 senate
513 1495 609 1524 order·
625 1495 735 1532 public
755 1496 1004 1532 thanksfivinys.
1048 1497 1076 1533 3,
1095 1498 1121 1526 4.
1145 1498 1313 1534 Reception

119 1544 215 1582 oftloe
227 1545 363 1574 didator
374 1556 384 1573 .·
405 1545 456 1574 his
470 1545 623 1582 triumph.
667 1545 695 1575 5.
719 1546 852 1582 Haviny
860 1546 945 1583 paid
959 1547 1007 1576 the
1020 1555 1099 1576 τοῖσε
1112 1547 1149 1576 he
1162 1548 1263 1584 made,
1276 1548 1314 1578 lie

119 1595 239 1632 κείρω
253 1595 301 1624 the
315 1594 532 1631 dictatorship.

175 1665 245 1722 105
277 1666 444 1704 Romam
472 1672 519 1704 ut
546 1667 775 1705 nuntiatum
810 1673 870 1706 est
898 1667 1016 1707 Veios
1045 1674 1190 1719 captos.
1221 1670 1313 1720 quia

118 1735 182 1770 tot
208 1731 321 1769 annis
350 1731 458 1769 varie
486 1731 540 1769 ibi
571 1731 763 1770 bellatum
792 1738 888 1780 erat,
920 1732 1145 1783 multaeque
1183 1733 1312 1772 clades

118 1801 311 1846 acceptae,
327 1795 439 1833 velut
459 1808 507 1833 ex
528 1796 726 1846 insperato
747 1796 982 1835 immensum
1002 1797 1190 1848 gaudium
1211 1798 1288 1836 fuit
1305 1814 1312 1836 :

119 1863 160 1897 et
178 1858 407 1909 priusquam
428 1865 586 1897 senatus
606 1859 845 1907 decerneret,
867 1860 983 1910 plena
1009 1862 1140 1900 omnia
1166 1862 1313 1913 templa

119 1923 387 1962 Romanorum
425 1929 609 1971 matrum,
649 1930 780 1975 grates
817 1924 894 1962 diis
932 1925 1146 1975 agentium,
1186 1933 1309 1965 erant.

120 1988 155 2026 2.
185 1985 356 2026 Senatus
383 1987 425 2025 in
455 1988 723 2038 quatriduum,
758 1994 856 2039 quot
889 1988 1044 2028 dierum
1077 1989 1188 2028 nullo
1221 1996 1312 2030 ante
