1438 2268
426 161 712 195 SELECTIONS
742 162 874 195 FROM
904 163 1032 197 LIVY.
1283 166 1330 203 19

139 269 380 318 successerit,
417 283 462 308 eo
493 269 643 308 facilius
676 269 769 320 pelli
802 283 924 321 posse.
1011 273 1043 309 4.
1077 270 1212 309 Medio
1250 271 1329 310 fere

137 332 238 372 clivo
267 334 458 381 restitere,
487 339 605 384 atque
634 334 725 372 inde
755 347 803 373 ex
832 334 1030 384 superiore
1056 335 1151 381 loco,
1179 335 1328 385 impetu

135 396 251 445 facto,
287 403 415 450 strage
453 411 495 437 ac
530 398 643 436 ruina
677 397 811 436 Gallos
844 399 1006 446 fudere3
1048 405 1094 437 ut
1125 412 1327 449 nunquam

135 466 274 512 postea
302 475 373 501 nec
402 475 502 513 pars,
534 475 603 500 nec
632 463 803 500 universi
838 468 1038 501 tentarent
1066 463 1144 501 tale
1174 477 1326 515 pugnae

134 538 267 577 genus.
345 529 379 565 5.
411 527 566 565 Omissa
602 526 695 564 inde
733 540 800 577 spe
839 540 909 577 per
945 527 1025 565 vim
1063 534 1181 578 atque
1218 541 1327 566 arma

133 589 340 636 subeundi,
361 590 606 630 obsidionem
626 597 777 641 parant.
831 593 864 628 6.
890 591 941 629 Et
956 591 1062 642 quod
1082 591 1324 630 frumentum

132 667 248 693 omne
274 655 464 694 incendiis
490 655 599 693 urbis
626 655 935 705 absumpserant,
965 656 1121 706 placuit,
1149 657 1322 694 exercitu

80 752 84 756 .
131 718 270 767 diviso,
296 720 441 770 partim
467 732 536 770 per
559 719 746 757 finitimos
769 719 934 770 populos
960 720 1152 770 praedari,
1180 721 1322 771 partim

129 783 308 823 obsidere
321 797 460 829 arcem,
474 789 519 821 ut
531 783 805 822 obsidentibus
817 783 1057 821 frumentum
1071 784 1322 834 praedatores

128 861 312 900 agrorum
331 848 576 898 praeberent.

166 986 194 1017 1.
227 986 421 1022 Wanderiuq
455 986 492 1015 in
522 986 625 1015 search
658 985 695 1021 of
714 987 895 1022 proz·1's1'on3
924 987 973 1016 the
1005 987 1105 1016 Gauls
1131 995 1187 1016 are
1213 987 1263 1016 led
1289 990 1319 1017 to

126 1036 246 1071 Ardea,
262 1036 370 1072 where,
386 1036 464 1065 4-10.
483 1035 639 1066 Camillus
652 1036 774 1065 eaelzorts
788 1036 836 1065 the
850 1039 1014 1066 townsmen
1031 1039 1060 1066 to
1074 1037 1180 1066 attack-
1193 1037 1271 1066 chem
1283 1040 1318 1066 at

125 1085 287 1122 niyhtsall.

178 1162 257 1204 26.
289 1163 587 1202 Proficiscentes
624 1163 673 1201 ab
710 1163 807 1201 urbe
850 1163 984 1202 Gallos
1025 1163 1185 1202 fortuna
1231 1164 1316 1214 ipsa

126 1227 309 1275 Ardeam,
340 1228 407 1266 ubi
443 1227 631 1267 Camillus
665 1227 862 1275 exulabat,
897 1228 1023 1266 duxit.
1085 1231 1116 1266 2.
1150 1229 1226 1277 Qui
1261 1242 1316 1268 re-

122 1297 240 1343 pente
265 1291 378 1330 audit
401 1291 607 1330 Gallorum
634 1292 851 1330 exercitum
879 1291 1104 1339 adventare,
1128 1298 1245 1343 atque
1266 1293 1314 1331 de

121 1370 166 1396 eo
204 1356 367 1408 pavidos
406 1356 598 1395 Ardeates
637 1355 866 1394 consultare.
938 1357 972 1394 3.
1015 1356 1166 1407 Itaque,
1206 1357 1312 1396 haud

121 1435 230 1460 secus
251 1434 368 1472 quam
389 1421 525 1459 divino
545 1420 687 1471 spiritu
712 1427 853 1467 tactus,
875 1433 997 1471 quum
1018 1434 1058 1459 se
1079 1421 1119 1459 in
1140 1421 1310 1460 mediam

119 1486 344 1524 concionem
369 1485 579 1532 intulisset,
611 1487 644 1523 4.
669 1485 932 1533 “Ardeates,''
958 1486 1100 1536 inquit,
1129 1490 1311 1525 “veteres

119 1550 243 1597 amici,
262 1550 352 1588 novi
369 1550 487 1588 etiam
505 1550 607 1588 cives
623 1549 711 1595 mei,
728 1562 788 1587 res
805 1563 846 1588 ac
867 1549 1082 1600 periculum
1104 1563 1309 1590 commune

119 1616 234 1666 cogit,
256 1614 361 1665 quod
385 1614 550 1665 quisque
578 1615 701 1665 possit
724 1615 763 1651 in
795 1627 834 1652 re
864 1614 1020 1664 trepida
1048 1615 1243 1665 praesidii,
1267 1616 1308 1654 in

118 1679 291 1719 medium
313 1678 497 1717 conferre.
558 1681 591 1716 5.
623 1678 746 1716 Vobis
766 1679 926 1717 fortuna
946 1679 1078 1717 oblata
1093 1684 1164 1726 est,
1181 1685 1221 1718 et
1237 1693 1307 1731 pro

117 1744 239 1783 tantis
262 1743 440 1794 pristinis
461 1742 594 1793 populi
615 1743 783 1781 Romani
805 1743 1003 1782 beneficiis
1023 1743 1172 1794 gratiae
1193 1744 1308 1783 refer-

116 1808 251 1854 endae,
274 1813 313 1847 et
339 1808 430 1846 huic
456 1807 543 1846 urbi
573 1807 691 1846 decus
719 1807 857 1858 ingens
887 1821 936 1846 ex
965 1807 1076 1846 hoste
1107 1810 1304 1848 communi

116 1872 304 1924 pariendi.
364 1873 397 1910 6.
429 1871 537 1920 Quae
564 1872 686 1910 effuso
713 1872 867 1922 agmine
894 1872 1096 1920 adventat,
1117 1886 1211 1923 gens
1232 1879 1302 1921 est,

115 1937 176 1976 eui
190 1942 332 1975 natura
348 1949 510 1987 corpora
525 1937 752 1986 animosque
766 1949 908 1987 magna
920 1937 1044 1987 magis
1059 1950 1175 1988 quarn
1192 1939 1304 1977 firma

114 2001 278 2040 dederit.
339 2004 371 2039 7.
406 2001 461 2039 Eo
481 2001 521 2038 in
542 2006 739 2039 certamen
760 2014 874 2039 omne
895 2001 982 2051 plus
997 2002 1168 2049 terroris,
1185 2015 1302 2052 quam
