1438 2268
432 115 718 149 SELECTIONS
752 117 881 149 FROM
912 117 993 148 L1v
1001 117 1038 148 Y.
1283 120 1328 157 21

143 222 246 260 vires
265 223 500 261 crescebant.
561 225 592 260 2.
625 223 827 261 Maturum
853 223 935 272 jam
965 223 1163 270 Romanis,
1189 225 1256 274 qui
1286 237 1333 263 eo

143 293 419 334 convenerant,
459 286 679 334 videbatur,
720 288 885 337 patriam
926 287 1025 338 eripi
1066 301 1115 326 ex
1157 287 1331 326 hostium

143 350 348 388 manibus:
378 350 445 388 sed
475 351 625 401 corpori
656 351 787 389 valido
816 359 934 401 caput
962 351 1107 390 deerat.
1167 353 1200 390 3.
1233 351 1331 391 Con-

142 426 259 452 sensu
297 415 471 453 omnium
510 416 669 465 placuit,
709 415 758 453 ab
792 415 923 454 Ardea
957 415 1165 454 Camillum
1201 416 1328 461 acciri,

142 477 210 515 sed
224 484 340 517 antea
355 479 533 517 consulto
550 485 690 518 senatu
706 479 772 530 qui
790 479 938 518 Romae
954 485 1065 518 esset.
1119 483 1150 518 4.
1171 480 1328 531 Ingenti

142 541 314 591 periculo
334 556 403 593 per
422 543 595 582 hostium
616 543 816 582 custodias
837 544 1120 582 transeundum
1141 550 1235 582 erat.
1294 546 1328 582 5.

143 605 207 644 Ad
237 619 322 644 eam
352 620 433 645 rem
464 607 629 645 Pontius
659 607 875 655 Cominius,
898 608 1064 659 impiger
1091 609 1257 658 juvenis,
1279 609 1333 646 in-

141 670 289 709 cubans
310 671 456 716 cortici‚
480 671 651 710 secundo
671 671 805 710 Tiberi
825 671 874 709 ad
895 672 1031 710 urbem
1051 672 1238 711 defertur.
1297 675 1330 711 6.

142 733 242 773 Inde
271 748 341 785 per
369 742 638 785 praeruptum,
659 748 782 786 eoque
812 735 860 773 ab
889 735 1070 774 hostibus
1099 736 1332 787 neglectum,

141 811 292 847 saxum,
311 799 352 837 in
367 799 609 850 Capitolium
627 799 772 843 evadit,
790 806 830 837 et
845 799 894 836 ad
910 800 1164 850 magistratus
1179 800 1332 847 ductus,

142 863 333 902 mandata
371 864 567 902 exercitus
605 863 697 901 edit.
768 865 801 901 7.
834 864 1007 914 Accepto
1045 864 1137 902 inde
1174 871 1333 903 senatus

143 926 335 971 consulto,
372 932 417 964 ut
451 926 643 965 Camillus
680 926 850 964 dictator
887 927 1087 976 extemplo
1124 927 1331 974 diceretur,

142 990 279 1029 eadem
309 990 514 1041 degressus
543 991 707 1028 nuntius
736 990 855 1029 Veios
884 991 1098 1038 contendit,
1132 998 1172 1029 et
1200 991 1331 1042 legati,

141 1054 316 1093 Ardeam
337 1054 387 1092 ad
409 1053 618 1093 Camillum
640 1054 760 1102 missi,
783 1053 902 1093 Veios
921 1068 1010 1092 eum
1032 1054 1258 1104 perduxere.

184 1187 248 1216 The
277 1187 378 1215 Gaul-5
405 1195 458 1216 are
482 1186 583 1222 ‚milui
612 1188 645 1216 ιή
675 1196 720 1215 an
747 1190 875 1222 attempt
903 1190 932 1215 to
959 1187 1038 1216 scale
1065 1187 1114 1216 the
1147 1187 1270 1223 Capitol
1297 1187 1335 1223 by

141 1237 189 1266 M.
207 1236 366 1265 Manlius.

194 1306 273 1348 29.
306 1306 411 1345 Dum
446 1307 540 1346 haec
571 1307 621 1346 ad
653 1307 772 1346 Veios
805 1305 1035 1358 agebantur,
1071 1308 1230 1346 interim
1264 1322 1333 1346 arx

141 1372 290 1410 Romae
324 1371 644 1422 Capitoliumque
679 1372 718 1409 in
751 1372 901 1422 ingenti
941 1372 1114 1422 periculo
1153 1373 1238 1410 fuit.
1299 1376 1331 1410 2.

142 1435 245 1474 Nam
279 1435 396 1482 Galli,
428 1436 595 1486 vestigio
629 1443 768 1474 notato
801 1436 985 1483 humano,
1015 1450 1093 1486 qua
1121 1437 1284 1474 nuntius
1313 1450 1335 1474 a

142 1499 250 1538 Veiis
270 1505 516 1551 pervenerat,
539 1506 650 1538 tanto
681 1500 838 1539 silentio
868 1500 908 1538 in
938 1514 1134 1538 summum
1165 1514 1331 1547 evasere,

141 1571 187 1603 ut
207 1577 286 1602 non
307 1563 489 1603 custodes
509 1563 636 1602 solum
657 1564 849 1611 fallerent,
867 1564 935 1602 sed
956 1578 1005 1603 ne
1026 1578 1140 1603 canes
1160 1565 1332 1614 quidem,

142 1628 353 1667 sollicitum
382 1628 528 1666 animal
557 1628 606 1666 ad
636 1635 849 1667 nocturnos
879 1629 1079 1679 strepitus,
1102 1630 1331 1667 excitarent.

143 1695 176 1731 3.
209 1694 379 1731 Anseres
417 1705 496 1730 non
534 1692 715 1740 fefellere,
752 1693 905 1743 quibus,
941 1693 1059 1730 sacris
1096 1693 1257 1738 Junoni,
1293 1693 1332 1730 in

142 1771 295 1796 summa
323 1757 399 1795 cibi
429 1757 563 1807 inopia
591 1756 852 1794 abstinebant.
915 1759 946 1794 4.
981 1757 1089 1804 Quae
1123 1770 1183 1794 res
1216 1757 1332 1794 saluti

142 1822 226 1860 fuit.
287 1824 321 1859 5.
354 1821 535 1871 Namque
555 1820 736 1871 clangore
761 1833 896 1858 eorum
924 1821 1153 1871 alarumque
1183 1821 1333 1871 crepitu

142 1886 294 1924 excitus
314 1885 369 1924 M.
392 1885 577 1929 Manlius,
600 1885 659 1922 vir
679 1884 781 1923 bello
802 1884 993 1934 egregius,
1015 1885 1134 1922 armis
1155 1885 1331 1933 arreptis,

141 1949 191 1987 ad
212 1963 320 1987 arma
339 1958 488 1987 ceteros
509 1950 623 1995 ciens,
645 1948 751 1985 vadit
768 1963 776 1995 3
807 1956 856 1995 et,
875 1948 968 1985 ‹luin
987 1949 1104 1986 ceteri
1123 1949 1331 1998 trepidant,

0 2160 182 2268 μ
