<?xml version="1.0" encoding="UTF-8"?>
<!DOCTYPE html PUBLIC "-//W3C//DTD XHTML 1.0 Transitional//EN"
    "http://www.w3.org/TR/xhtml1/DTD/xhtml1-transitional.dtd">
<html xmlns="http://www.w3.org/1999/xhtml" xml:lang="en" lang="en">
 <head>
  <title>
</title>
<meta http-equiv="Content-Type" content="text/html;charset=utf-8" />
  <meta name='ocr-system' content='tesseract 3.04.00' />
  <meta name='ocr-capabilities' content='ocr_page ocr_carea ocr_par ocr_line ocrx_word'/>
</head>
<body>
  <div class='ocr_page' id='page_1' title='image "./selectionsbooksv00livyuoft_0038.png"; bbox 0 0 1438 2268; ppageno 0'>
   <div class='ocr_carea' id='block_1_1' title="bbox 73 138 968 177">
    <p class='ocr_par' dir='ltr' id='par_1_1' title="bbox 73 138 968 177">
     <span class='ocr_line' id='line_1_1' title="bbox 73 138 968 177; baseline 0.001 -5"><span class='ocrx_word' id='word_1_1' title='bbox 73 141 123 177; x_wconf 84' lang='lat'>22</span> <span class='ocrx_word' id='word_1_2' title='bbox 363 138 648 173; x_wconf 82' lang='lat' dir='ltr'>SELECTIONS</span> <span class='ocrx_word' id='word_1_3' title='bbox 680 139 809 173; x_wconf 88' lang='lat' dir='ltr'>FROM</span> <span class='ocrx_word' id='word_1_4' title='bbox 841 139 968 173; x_wconf 84' lang='lat' dir='ltr'>LIVY.</span> 
     </span>
    </p>
   </div>
   <div class='ocr_carea' id='block_1_2' title="bbox 69 244 1260 616">
    <p class='ocr_par' dir='ltr' id='par_1_2' title="bbox 69 244 1260 616">
     <span class='ocr_line' id='line_1_2' title="bbox 72 244 1259 296; baseline 0.003 -14"><span class='ocrx_word' id='word_1_5' title='bbox 72 244 241 292; x_wconf 84' lang='lat' dir='ltr'>Gallum,</span> <span class='ocrx_word' id='word_1_6' title='bbox 265 245 332 296; x_wconf 91' lang='lat' dir='ltr'>qui</span> <span class='ocrx_word' id='word_1_7' title='bbox 351 245 431 295; x_wconf 88' lang='lat' dir='ltr'>jam</span> <span class='ocrx_word' id='word_1_8' title='bbox 451 246 493 283; x_wconf 92' lang='lat' dir='ltr'>in</span> <span class='ocrx_word' id='word_1_9' title='bbox 513 259 666 284; x_wconf 90' lang='lat' dir='ltr'>summo</span> <span class='ocrx_word' id='word_1_10' title='bbox 686 247 927 294; x_wconf 78' lang='lat' dir='ltr'>constiterat,</span> <span class='ocrx_word' id='word_1_11' title='bbox 949 246 1118 286; x_wconf 88' lang='lat' dir='ltr'>umbone</span> <span class='ocrx_word' id='word_1_12' title='bbox 1137 247 1259 286; x_wconf 89' lang='lat' dir='ltr'>ictum</span> 
     </span>
     <span class='ocr_line' id='line_1_3' title="bbox 71 308 1257 360; baseline 0.003 -14"><span class='ocrx_word' id='word_1_13' title='bbox 71 308 266 347; x_wconf 84' lang='lat' dir='ltr'>deturbat.</span> <span class='ocrx_word' id='word_1_14' title='bbox 326 311 358 347; x_wconf 90' lang='grc'>6.</span> <span class='ocrx_word' id='word_1_15' title='bbox 392 309 466 356; x_wconf 83' lang='lat' dir='ltr'>Qui</span> <span class='ocrx_word' id='word_1_16' title='bbox 483 310 686 360; x_wconf 89' lang='lat' dir='ltr'>prolapsus</span> <span class='ocrx_word' id='word_1_17' title='bbox 703 323 823 360; x_wconf 89' lang='lat' dir='ltr'>quum</span> <span class='ocrx_word' id='word_1_18' title='bbox 838 309 1040 360; x_wconf 84' lang='lat' dir='ltr'>proximos</span> <span class='ocrx_word' id='word_1_19' title='bbox 1054 316 1257 358; x_wconf 82' lang='lat' dir='ltr'>sterneret,</span> 
     </span>
     <span class='ocr_line' id='line_1_4' title="bbox 70 373 1259 423; baseline 0.003 -13"><span class='ocrx_word' id='word_1_20' title='bbox 70 373 315 422; x_wconf 82' lang='lat' dir='ltr'>trepidantes</span> <span class='ocrx_word' id='word_1_21' title='bbox 353 373 459 420; x_wconf 84' lang='lat' dir='ltr'>alios,</span> <span class='ocrx_word' id='word_1_22' title='bbox 502 373 698 423; x_wconf 87' lang='lat' dir='ltr'>armisque</span> <span class='ocrx_word' id='word_1_23' title='bbox 744 374 897 411; x_wconf 90' lang='lat' dir='ltr'>omissis</span> <span class='ocrx_word' id='word_1_24' title='bbox 940 387 1034 412; x_wconf 85' lang='lat' dir='ltr'>saxa</span> <span class='ocrx_word' id='word_1_25' title='bbox 1079 375 1259 413; x_wconf 87' lang='lat' dir='ltr'>manibus</span> 
     </span>
     <span class='ocr_line' id='line_1_5' title="bbox 70 437 1260 489; baseline 0.002 -15"><span class='ocrx_word' id='word_1_26' title='bbox 70 437 280 486; x_wconf 86' lang='lat' dir='ltr'>amplexos,</span> <span class='ocrx_word' id='word_1_27' title='bbox 304 437 487 475; x_wconf 87' lang='lat' dir='ltr'>trucidat.</span> <span class='ocrx_word' id='word_1_28' title='bbox 547 438 578 475; x_wconf 88' lang='lat'>7.</span> <span class='ocrx_word' id='word_1_29' title='bbox 611 437 781 487; x_wconf 79' lang='lat' dir='ltr'>Jamque</span> <span class='ocrx_word' id='word_1_30' title='bbox 797 443 836 475; x_wconf 91' lang='lat' dir='ltr'>et</span> <span class='ocrx_word' id='word_1_31' title='bbox 851 437 917 475; x_wconf 83' lang='lat' dir='ltr'>alii</span> <span class='ocrx_word' id='word_1_32' title='bbox 933 437 1157 489; x_wconf 86' lang='lat' dir='ltr'>conglobati</span> <span class='ocrx_word' id='word_1_33' title='bbox 1171 438 1260 476; x_wconf 89' lang='lat' dir='ltr'>telis</span> 
     </span>
     <span class='ocr_line' id='line_1_6' title="bbox 70 500 1260 553; baseline 0.002 -15"><span class='ocrx_word' id='word_1_34' title='bbox 70 500 360 551; x_wconf 84' lang='lat' dir='ltr'>missilibusque</span> <span class='ocrx_word' id='word_1_35' title='bbox 389 501 493 539; x_wconf 85' lang='lat' dir='ltr'>saxis</span> <span class='ocrx_word' id='word_1_36' title='bbox 522 501 655 539; x_wconf 91' lang='lat' dir='ltr'>hostes</span> <span class='ocrx_word' id='word_1_37' title='bbox 682 502 926 552; x_wconf 87' lang='lat' dir='ltr'>proturbare,</span> <span class='ocrx_word' id='word_1_38' title='bbox 955 502 1146 553; x_wconf 88' lang='lat' dir='ltr'>ruinaque</span> <span class='ocrx_word' id='word_1_39' title='bbox 1175 506 1260 540; x_wconf 89' lang='lat' dir='ltr'>tota</span> 
     </span>
     <span class='ocr_line' id='line_1_7' title="bbox 69 565 808 616; baseline 0.001 -14"><span class='ocrx_word' id='word_1_40' title='bbox 69 565 169 603; x_wconf 88' lang='lat' dir='ltr'>acies</span> <span class='ocrx_word' id='word_1_41' title='bbox 187 565 370 615; x_wconf 85' lang='lat' dir='ltr'>prolapsa</span> <span class='ocrx_word' id='word_1_42' title='bbox 389 565 430 603; x_wconf 91' lang='lat' dir='ltr'>in</span> <span class='ocrx_word' id='word_1_43' title='bbox 451 579 634 616; x_wconf 79' lang='lat' dir='ltr'>praeceps</span> <span class='ocrx_word' id='word_1_44' title='bbox 655 565 808 605; x_wconf 88' lang='lat' dir='ltr'>deferri.</span> 
     </span>
    </p>
   </div>
   <div class='ocr_carea' id='block_1_3' title="bbox 68 703 1260 789">
    <p class='ocr_par' dir='ltr' id='par_1_3' title="bbox 68 703 1260 789">
     <span class='ocr_line' id='line_1_8' title="bbox 106 703 1260 740; baseline 0.002 -8"><span class='ocrx_word' id='word_1_45' title='bbox 106 703 258 732; x_wconf 76' lang='lat' dir='ltr'>Homurs</span> <span class='ocrx_word' id='word_1_46' title='bbox 288 704 372 739; x_wconf 78' lang='lat' dir='ltr'>paid</span> <span class='ocrx_word' id='word_1_47' title='bbox 407 706 436 732; x_wconf 81' lang='lat' dir='ltr'>to</span> <span class='ocrx_word' id='word_1_48' title='bbox 471 703 519 732; x_wconf 83' lang='lat' dir='ltr'>M.</span> <span class='ocrx_word' id='word_1_49' title='bbox 559 704 718 733; x_wconf 73' lang='lat' dir='ltr'>Manlius.</span> <span class='ocrx_word' id='word_1_50' title='bbox 775 703 802 740; x_wconf 90' lang='lat'>3,</span> <span class='ocrx_word' id='word_1_51' title='bbox 836 703 864 734; x_wconf 86' lang='lat'>4.</span> <span class='ocrx_word' id='word_1_52' title='bbox 896 704 1109 733; x_wconf 75' lang='lat' dir='ltr'>Punishment</span> <span class='ocrx_word' id='word_1_53' title='bbox 1144 703 1181 740; x_wconf 80' lang='lat' dir='ltr'>of</span> <span class='ocrx_word' id='word_1_54' title='bbox 1210 703 1260 734; x_wconf 76' lang='lat' dir='ltr'>the</span> 
     </span>
     <span class='ocr_line' id='line_1_9' title="bbox 68 753 375 789; baseline 0 -7"><span class='ocrx_word' id='word_1_55' title='bbox 68 753 222 789; x_wconf 72' lang='lat' dir='ltr'>neyliyent</span> <span class='ocrx_word' id='word_1_56' title='bbox 235 754 375 782; x_wconf 78' lang='lat' dir='ltr'>sentinel.</span> 
     </span>
    </p>
   </div>
   <div class='ocr_carea' id='block_1_4' title="bbox 41 830 1258 1585">
    <p class='ocr_par' dir='ltr' id='par_1_4' title="bbox 41 830 1258 1585">
     <span class='ocr_line' id='line_1_10' title="bbox 121 830 1257 881; baseline -0.001 -11"><span class='ocrx_word' id='word_1_57' title='bbox 121 830 201 871; x_wconf 88' lang='grc'>30.</span> <span class='ocrx_word' id='word_1_58' title='bbox 235 830 460 881; x_wconf 85' lang='lat' dir='ltr'>Sedatoque</span> <span class='ocrx_word' id='word_1_59' title='bbox 507 831 691 879; x_wconf 87' lang='lat' dir='ltr'>tumultu,</span> <span class='ocrx_word' id='word_1_60' title='bbox 732 831 929 881; x_wconf 90' lang='lat' dir='ltr'>reliquum</span> <span class='ocrx_word' id='word_1_61' title='bbox 967 831 1093 869; x_wconf 90' lang='lat' dir='ltr'>noctis</span> <span class='ocrx_word' id='word_1_62' title='bbox 1131 831 1257 881; x_wconf 87' lang='lat' dir='ltr'>quieti</span> 
     </span>
     <span class='ocr_line' id='line_1_11' title="bbox 67 894 1257 941; baseline 0 -9"><span class='ocrx_word' id='word_1_63' title='bbox 67 894 204 932; x_wconf 89' lang='lat' dir='ltr'>datum</span> <span class='ocrx_word' id='word_1_64' title='bbox 233 900 301 932; x_wconf 88' lang='lat' dir='ltr'>est.</span> <span class='ocrx_word' id='word_1_65' title='bbox 363 897 394 933; x_wconf 87' lang='grc'>2.</span> <span class='ocrx_word' id='word_1_66' title='bbox 436 895 543 933; x_wconf 83' lang='lat' dir='ltr'>Luca</span> <span class='ocrx_word' id='word_1_67' title='bbox 572 901 668 941; x_wconf 86' lang='lat' dir='ltr'>orta,</span> <span class='ocrx_word' id='word_1_68' title='bbox 700 896 848 933; x_wconf 90' lang='lat' dir='ltr'>vocatis</span> <span class='ocrx_word' id='word_1_69' title='bbox 877 895 1035 933; x_wconf 86' lang='lat' dir='ltr'>classico</span> <span class='ocrx_word' id='word_1_70' title='bbox 1064 894 1257 933; x_wconf 85' lang='lat' dir='ltr'>militibus</span> 
     </span>
     <span class='ocr_line' id='line_1_12' title="bbox 65 958 1258 1008; baseline 0.001 -12"><span class='ocrx_word' id='word_1_71' title='bbox 65 958 116 996; x_wconf 86' lang='lat' dir='ltr'>ad</span> <span class='ocrx_word' id='word_1_72' title='bbox 149 958 367 1006; x_wconf 88' lang='lat' dir='ltr'>concilium,</span> <span class='ocrx_word' id='word_1_73' title='bbox 403 959 575 1008; x_wconf 90' lang='lat' dir='ltr'>primum</span> <span class='ocrx_word' id='word_1_74' title='bbox 609 959 782 997; x_wconf 91' lang='lat' dir='ltr'>Manlius</span> <span class='ocrx_word' id='word_1_75' title='bbox 815 959 865 997; x_wconf 95' lang='lat' dir='ltr'>ob</span> <span class='ocrx_word' id='word_1_76' title='bbox 895 958 1095 1006; x_wconf 87' lang='lat' dir='ltr'>virtutem,</span> <span class='ocrx_word' id='word_1_77' title='bbox 1126 971 1205 996; x_wconf 90' lang='lat' dir='ltr'>non</span> <span class='ocrx_word' id='word_1_78' title='bbox 1234 972 1258 997; x_wconf 85' lang='lat' dir='ltr'>a</span> 
     </span>
     <span class='ocr_line' id='line_1_13' title="bbox 65 1022 1253 1070; baseline 0 -10"><span class='ocrx_word' id='word_1_79' title='bbox 65 1022 236 1060; x_wconf 87' lang='lat' dir='ltr'>tribunis</span> <span class='ocrx_word' id='word_1_80' title='bbox 257 1022 384 1061; x_wconf 90' lang='lat' dir='ltr'>solum</span> <span class='ocrx_word' id='word_1_81' title='bbox 406 1022 589 1070; x_wconf 87' lang='lat' dir='ltr'>militum,</span> <span class='ocrx_word' id='word_1_82' title='bbox 613 1022 681 1061; x_wconf 90' lang='lat' dir='ltr'>sed</span> <span class='ocrx_word' id='word_1_83' title='bbox 711 1036 902 1061; x_wconf 89' lang='lat' dir='ltr'>consensu</span> <span class='ocrx_word' id='word_1_84' title='bbox 931 1023 1050 1061; x_wconf 89' lang='lat' dir='ltr'>etiam</span> <span class='ocrx_word' id='word_1_85' title='bbox 1079 1022 1253 1070; x_wconf 81' lang='lat' dir='ltr'>militari,</span> 
     </span>
     <span class='ocr_line' id='line_1_14' title="bbox 64 1085 1256 1137; baseline 0 -13"><span class='ocrx_word' id='word_1_86' title='bbox 64 1085 247 1124; x_wconf 84' lang='lat' dir='ltr'>laudatus</span> <span class='ocrx_word' id='word_1_87' title='bbox 267 1092 336 1124; x_wconf 90' lang='lat' dir='ltr'>est.</span> <span class='ocrx_word' id='word_1_88' title='bbox 397 1088 429 1124; x_wconf 88' lang='lat'>3.</span> <span class='ocrx_word' id='word_1_89' title='bbox 462 1087 563 1124; x_wconf 91' lang='lat' dir='ltr'>Tum</span> <span class='ocrx_word' id='word_1_90' title='bbox 585 1087 722 1137; x_wconf 82' lang='lat' dir='ltr'>vigiles</span> <span class='ocrx_word' id='word_1_91' title='bbox 743 1086 828 1137; x_wconf 89' lang='lat' dir='ltr'>ejus</span> <span class='ocrx_word' id='word_1_92' title='bbox 847 1086 933 1133; x_wconf 88' lang='lat' dir='ltr'>loci,</span> <span class='ocrx_word' id='word_1_93' title='bbox 951 1100 1048 1137; x_wconf 90' lang='lat' dir='ltr'>quos</span> <span class='ocrx_word' id='word_1_94' title='bbox 1063 1086 1256 1125; x_wconf 85' lang='lat' dir='ltr'>fefellerat</span> 
     </span>
     <span class='ocr_line' id='line_1_15' title="bbox 65 1150 1254 1201; baseline 0.001 -13"><span class='ocrx_word' id='word_1_95' title='bbox 65 1150 279 1188; x_wconf 87' lang='lat' dir='ltr'>ascendens</span> <span class='ocrx_word' id='word_1_96' title='bbox 307 1150 443 1196; x_wconf 87' lang='lat' dir='ltr'>hostis,</span> <span class='ocrx_word' id='word_1_97' title='bbox 465 1150 577 1188; x_wconf 87' lang='lat' dir='ltr'>citati</span> <span class='ocrx_word' id='word_1_98' title='bbox 602 1156 706 1197; x_wconf 86' lang='lat' dir='ltr'>sunt,</span> <span class='ocrx_word' id='word_1_99' title='bbox 729 1156 769 1189; x_wconf 90' lang='lat' dir='ltr'>et</span> <span class='ocrx_word' id='word_1_100' title='bbox 789 1150 831 1198; x_wconf 80' lang='lat' dir='ltr'>Q.</span> <span class='ocrx_word' id='word_1_101' title='bbox 856 1150 1052 1201; x_wconf 85' lang='lat' dir='ltr'>Sulpicius</span> <span class='ocrx_word' id='word_1_102' title='bbox 1072 1151 1254 1189; x_wconf 88' lang='lat' dir='ltr'>tribunus</span> 
     </span>
     <span class='ocr_line' id='line_1_16' title="bbox 63 1214 1254 1253; baseline 0.001 -1"><span class='ocrx_word' id='word_1_103' title='bbox 63 1214 235 1252; x_wconf 88' lang='lat' dir='ltr'>militum</span> <span class='ocrx_word' id='word_1_104' title='bbox 258 1228 298 1252; x_wconf 88' lang='lat' dir='ltr'>se</span> <span class='ocrx_word' id='word_1_105' title='bbox 326 1215 368 1252; x_wconf 90' lang='lat' dir='ltr'>in</span> <span class='ocrx_word' id='word_1_106' title='bbox 397 1228 532 1253; x_wconf 89' lang='lat' dir='ltr'>omnes</span> <span class='ocrx_word' id='word_1_107' title='bbox 561 1228 668 1252; x_wconf 88' lang='lat' dir='ltr'>more</span> <span class='ocrx_word' id='word_1_108' title='bbox 697 1214 859 1253; x_wconf 89' lang='lat' dir='ltr'>militari</span> <span class='ocrx_word' id='word_1_109' title='bbox 889 1214 1254 1253; x_wconf 82' lang='lat' dir='ltr'>animadversurum</span> 
     </span>
     <span class='ocr_line' id='line_1_17' title="bbox 41 1274 1251 1330; baseline 0.001 -14"><span class='ocrx_word' id='word_1_110' title='bbox 41 1274 146 1316; x_wconf 78' lang='lat' dir='ltr'>&#39;esse</span> <span class='ocrx_word' id='word_1_111' title='bbox 175 1278 384 1316; x_wconf 88' lang='lat' dir='ltr'>nuntiavit.</span> <span class='ocrx_word' id='word_1_112' title='bbox 444 1280 477 1316; x_wconf 86' lang='lat'>4.</span> <span class='ocrx_word' id='word_1_113' title='bbox 512 1278 708 1316; x_wconf 83' lang='lat' dir='ltr'>Omnibus</span> <span class='ocrx_word' id='word_1_114' title='bbox 728 1283 861 1317; x_wconf 84' lang='lat' dir='ltr'>tamen</span> <span class='ocrx_word' id='word_1_115' title='bbox 881 1279 920 1316; x_wconf 90' lang='lat' dir='ltr'>in</span> <span class='ocrx_word' id='word_1_116' title='bbox 946 1292 1068 1316; x_wconf 91' lang='lat' dir='ltr'>unum</span> <span class='ocrx_word' id='word_1_117' title='bbox 1095 1279 1251 1330; x_wconf 85' lang='lat' dir='ltr'>vigilem</span> 
     </span>
     <span class='ocr_line' id='line_1_18' title="bbox 63 1342 1254 1393; baseline 0.001 -13"><span class='ocrx_word' id='word_1_118' title='bbox 63 1342 218 1393; x_wconf 81' lang='lat' dir='ltr'>culpam</span> <span class='ocrx_word' id='word_1_119' title='bbox 234 1342 546 1392; x_wconf 82' lang='lat' dir='ltr'>conjicientibus,</span> <span class='ocrx_word' id='word_1_120' title='bbox 564 1356 674 1381; x_wconf 90' lang='lat' dir='ltr'>reum</span> <span class='ocrx_word' id='word_1_121' title='bbox 695 1342 743 1381; x_wconf 91' lang='lat' dir='ltr'>de</span> <span class='ocrx_word' id='word_1_122' title='bbox 763 1356 857 1381; x_wconf 83' lang='lat' dir='ltr'>saxo</span> <span class='ocrx_word' id='word_1_123' title='bbox 877 1342 1030 1392; x_wconf 79' lang='lat' dir='ltr'>dejecit.</span> <span class='ocrx_word' id='word_1_124' title='bbox 1089 1346 1122 1382; x_wconf 88' lang='lat'>5.</span> <span class='ocrx_word' id='word_1_125' title='bbox 1154 1343 1254 1382; x_wconf 87' lang='lat' dir='ltr'>Inde</span> 
     </span>
     <span class='ocr_line' id='line_1_19' title="bbox 61 1406 1250 1457; baseline 0.002 -13"><span class='ocrx_word' id='word_1_126' title='bbox 61 1406 294 1445; x_wconf 85' lang='lat' dir='ltr'>intentiores</span> <span class='ocrx_word' id='word_1_127' title='bbox 325 1407 524 1457; x_wconf 86' lang='lat' dir='ltr'>utrimque</span> <span class='ocrx_word' id='word_1_128' title='bbox 554 1406 754 1445; x_wconf 87' lang='lat' dir='ltr'>custodiae</span> <span class='ocrx_word' id='word_1_129' title='bbox 784 1411 921 1445; x_wconf 85' lang='lat' dir='ltr'>erant:</span> <span class='ocrx_word' id='word_1_130' title='bbox 963 1406 1068 1457; x_wconf 89' lang='lat' dir='ltr'>apud</span> <span class='ocrx_word' id='word_1_131' title='bbox 1105 1406 1250 1455; x_wconf 79' lang='lat' dir='ltr'>Gallos,</span> 
     </span>
     <span class='ocr_line' id='line_1_20' title="bbox 63 1470 1252 1522; baseline 0.002 -14"><span class='ocrx_word' id='word_1_132' title='bbox 63 1471 155 1521; x_wconf 87' lang='lat' dir='ltr'>quia</span> <span class='ocrx_word' id='word_1_133' title='bbox 183 1470 387 1521; x_wconf 80' lang='lat' dir='ltr'>vulgatum</span> <span class='ocrx_word' id='word_1_134' title='bbox 417 1476 511 1516; x_wconf 81' lang='lat' dir='ltr'>erat,</span> <span class='ocrx_word' id='word_1_135' title='bbox 534 1471 695 1509; x_wconf 89' lang='lat' dir='ltr'>nuntios</span> <span class='ocrx_word' id='word_1_136' title='bbox 724 1470 829 1508; x_wconf 86' lang='lat' dir='ltr'>inter</span> <span class='ocrx_word' id='word_1_137' title='bbox 858 1470 977 1508; x_wconf 86' lang='lat' dir='ltr'>Veios</span> <span class='ocrx_word' id='word_1_138' title='bbox 1006 1470 1252 1522; x_wconf 86' lang='lat' dir='ltr'>Romamque</span> 
     </span>
     <span class='ocr_line' id='line_1_21' title="bbox 61 1535 1251 1585; baseline 0.001 -12"><span class='ocrx_word' id='word_1_139' title='bbox 61 1548 301 1574; x_wconf 84' lang='lat' dir='ltr'>commeare:</span> <span class='ocrx_word' id='word_1_140' title='bbox 349 1535 453 1585; x_wconf 85' lang='lat' dir='ltr'>apud</span> <span class='ocrx_word' id='word_1_141' title='bbox 501 1535 711 1581; x_wconf 87' lang='lat' dir='ltr'>Romanos,</span> <span class='ocrx_word' id='word_1_142' title='bbox 760 1535 810 1573; x_wconf 93' lang='lat' dir='ltr'>ob</span> <span class='ocrx_word' id='word_1_143' title='bbox 857 1535 1042 1573; x_wconf 85' lang='lat' dir='ltr'>nocturni</span> <span class='ocrx_word' id='word_1_144' title='bbox 1089 1535 1251 1585; x_wconf 91' lang='lat' dir='ltr'>periculi</span> 
     </span>
    </p>
   </div>
   <div class='ocr_carea' id='block_1_5' title="bbox 61 1599 301 1639">
    <p class='ocr_par' dir='ltr' id='par_1_5' title="bbox 61 1599 301 1639">
     <span class='ocr_line' id='line_1_22' title="bbox 61 1599 301 1639; baseline -0.008 -1"><span class='ocrx_word' id='word_1_145' title='bbox 61 1599 301 1639; x_wconf 84' lang='lat' dir='ltr'>memoriam.</span> 
     </span>
    </p>
   </div>
   <div class='ocr_carea' id='block_1_6' title="bbox 59 1724 1250 1808">
    <p class='ocr_par' dir='ltr' id='par_1_6' title="bbox 59 1724 1250 1808">
     <span class='ocr_line' id='line_1_23' title="bbox 98 1724 1250 1764; baseline -0.002 -7"><span class='ocrx_word' id='word_1_146' title='bbox 98 1727 317 1764; x_wconf 61' lang='lat' dir='ltr'>Negotiations</span> <span class='ocrx_word' id='word_1_147' title='bbox 337 1725 392 1762; x_wconf 86' lang='lat' dir='ltr'>for</span> <span class='ocrx_word' id='word_1_148' title='bbox 416 1735 437 1755; x_wconf 84' lang='lat' dir='ltr'><em>a</em></span> <span class='ocrx_word' id='word_1_149' title='bbox 459 1729 562 1760; x_wconf 77' lang='lat' dir='ltr'>truce;</span> <span class='ocrx_word' id='word_1_150' title='bbox 584 1726 717 1762; x_wconf 75' lang='lat' dir='ltr'>hopeless</span> <span class='ocrx_word' id='word_1_151' title='bbox 737 1725 898 1755; x_wconf 79' lang='lat' dir='ltr'>condition</span> <span class='ocrx_word' id='word_1_152' title='bbox 920 1724 958 1762; x_wconf 90' lang='lat' dir='ltr'>of</span> <span class='ocrx_word' id='word_1_153' title='bbox 972 1725 1021 1755; x_wconf 74' lang='lat' dir='ltr'>the</span> <span class='ocrx_word' id='word_1_154' title='bbox 1033 1724 1124 1761; x_wconf 83' lang='lat' dir='ltr'>force</span> <span class='ocrx_word' id='word_1_155' title='bbox 1145 1725 1180 1755; x_wconf 84' lang='lat' dir='ltr'>in</span> <span class='ocrx_word' id='word_1_156' title='bbox 1201 1725 1250 1755; x_wconf 79' lang='lat' dir='ltr'>the</span> 
     </span>
     <span class='ocr_line' id='line_1_24' title="bbox 59 1778 182 1808; baseline -0.016 0"><span class='ocrx_word' id='word_1_157' title='bbox 59 1778 182 1808; x_wconf 76' lang='lat' dir='ltr'>cicadel.</span> 
     </span>
    </p>
   </div>
   <div class='ocr_carea' id='block_1_7' title="bbox 58 1851 1247 2031">
    <p class='ocr_par' dir='ltr' id='par_1_7' title="bbox 58 1851 1247 2031">
     <span class='ocr_line' id='line_1_25' title="bbox 112 1851 1247 1902; baseline -0.004 -7"><span class='ocrx_word' id='word_1_158' title='bbox 112 1854 182 1895; x_wconf 86' lang='lat'>31.</span> <span class='ocrx_word' id='word_1_159' title='bbox 216 1853 293 1892; x_wconf 82' lang='lat' dir='ltr'>Sed</span> <span class='ocrx_word' id='word_1_160' title='bbox 314 1858 404 1891; x_wconf 82' lang='lat' dir='ltr'>ante</span> <span class='ocrx_word' id='word_1_161' title='bbox 425 1853 556 1891; x_wconf 87' lang='lat' dir='ltr'>omnia</span> <span class='ocrx_word' id='word_1_162' title='bbox 576 1852 792 1891; x_wconf 87' lang='lat' dir='ltr'>obsidionis</span> <span class='ocrx_word' id='word_1_163' title='bbox 811 1852 981 1902; x_wconf 84' lang='lat' dir='ltr'>bellique</span> <span class='ocrx_word' id='word_1_164' title='bbox 1002 1851 1104 1890; x_wconf 85' lang='lat' dir='ltr'>mala</span> <span class='ocrx_word' id='word_1_165' title='bbox 1126 1851 1247 1890; x_wconf 82' lang='lat' dir='ltr'>fames</span> 
     </span>
     <span class='ocr_line' id='line_1_26' title="bbox 58 1915 1245 1969; baseline -0.003 -12"><span class='ocrx_word' id='word_1_166' title='bbox 58 1919 256 1969; x_wconf 85' lang='lat' dir='ltr'>utrimque</span> <span class='ocrx_word' id='word_1_167' title='bbox 272 1918 485 1956; x_wconf 85' lang='lat' dir='ltr'>exercitum</span> <span class='ocrx_word' id='word_1_168' title='bbox 501 1917 674 1968; x_wconf 81' lang='lat' dir='ltr'>urgebat.</span> <span class='ocrx_word' id='word_1_169' title='bbox 736 1918 768 1954; x_wconf 80' lang='lat'>2.</span> <span class='ocrx_word' id='word_1_170' title='bbox 802 1916 984 1955; x_wconf 86' lang='lat' dir='ltr'>Indutiae</span> <span class='ocrx_word' id='word_1_171' title='bbox 1001 1915 1143 1955; x_wconf 87' lang='lat' dir='ltr'>deinde</span> <span class='ocrx_word' id='word_1_172' title='bbox 1159 1929 1245 1954; x_wconf 89' lang='lat' dir='ltr'>cum</span> 
     </span>
     <span class='ocr_line' id='line_1_27' title="bbox 58 1981 1243 2031; baseline -0.003 -9"><span class='ocrx_word' id='word_1_173' title='bbox 58 1983 247 2022; x_wconf 87' lang='lat' dir='ltr'>Romanis</span> <span class='ocrx_word' id='word_1_174' title='bbox 284 1984 420 2027; x_wconf 85' lang='lat' dir='ltr'>factae,</span> <span class='ocrx_word' id='word_1_175' title='bbox 455 1987 494 2019; x_wconf 88' lang='lat' dir='ltr'>et</span> <span class='ocrx_word' id='word_1_176' title='bbox 523 1981 715 2031; x_wconf 81' lang='lat' dir='ltr'>colloquia</span> <span class='ocrx_word' id='word_1_177' title='bbox 744 1981 934 2031; x_wconf 83' lang='lat' dir='ltr'>permissu</span> <span class='ocrx_word' id='word_1_178' title='bbox 964 1981 1243 2031; x_wconf 80' lang='lat' dir='ltr'>imperatorum</span> 
     </span>
    </p>
   </div>
   <div class='ocr_carea' id='block_1_8' title="bbox 1411 0 1438 2268">
    <p class='ocr_par' dir='ltr' id='par_1_8' title="bbox 1411 0 1438 2268">
     <span class='ocr_line' id='line_1_28' title="bbox 1411 0 1438 2268; baseline 0 0"><span class='ocrx_word' id='word_1_179' title='bbox 1411 0 1438 2268; x_wconf 95' lang='lat' dir='ltr'> </span> 
     </span>
    </p>
   </div>
  </div>
 </body>
</html>
