1438 2268
137 171 186 208 28
427 169 712 202 SELECTIONS
744 170 874 201 FROM
907 170 1032 203 LIVY.

136 275 356 325 respublica
393 276 530 326 capiat.
610 278 642 314 2.
684 276 823 325 Itaque
853 276 958 314 diem
991 277 1142 315 Manlio
1175 277 1323 316 dicunt.

137 341 170 376 3.
203 339 331 386 Quum
348 339 430 377 dies
444 340 627 384 venisset,
642 340 674 377 is
688 340 868 378 homines
884 353 1003 390 prope
1016 340 1325 391 quadringentos

136 403 368 453 produxisse
406 403 560 448 dicitur,
597 416 764 453 quorum
798 403 902 441 bona
934 404 1080 449 venire,
1110 417 1208 454 quos
1237 403 1324 442 duci

136 466 311 505 addictos
327 467 593 516 prohibuisset
608 482 614 505 :
636 467 759 517 spolia
774 480 929 517 quoque
943 467 1114 505 hostium
1128 481 1326 506 caesorum

135 530 184 568 ad
205 530 368 580 triginta
387 521 609 580 protulisse,
627 530 808 581 donaque
835 531 1118 581 imperatorum
1139 531 1187 569 ad
1208 532 1326 582 quad-

136 594 298 646 raginta,
321 594 361 632 in
382 594 526 644 quibus
546 595 643 632 duas
664 595 832 633 murales
857 608 1031 640 coronas,
1053 596 1194 634 civicas
1215 600 1324 634 octo:

135 665 175 696 et
194 666 433 709 postremum
456 664 590 709 pectus
611 659 777 697 nudasse
797 659 950 710 insigne
965 660 1208 698 cicatricibus
1223 659 1325 698 bello

135 723 313 773 acceptis,
336 729 376 761 et
396 723 613 761 identidem
633 723 683 761 ad
710 723 949 774 Capitolium
970 730 1162 774 spectans,
1183 723 1210 761 J
1213 737 1325 762 ovem

134 787 303 837 deosque
330 786 427 825 alios
455 787 504 825 ad
531 787 724 826 auxilium
751 788 1001 826 fortunarum
1026 801 1184 826 suarum
1211 788 1325 826 devo-

133 864 248 890 casse.

175 973 238 1002 The
252 973 392 1002 tribunes
405 971 548 1008 transfer
563 972 612 1002 the
627 972 707 1001 trial
724 975 753 1001 to
769 973 818 1002 the
835 972 842 985 ‘
853 973 1016 1002 Petelina-3
1035 970 1142 1003 lucus'
1157 972 1226 1001 and
1242 972 1325 1002 there

133 1023 159 1051 2.
179 1023 328 1052 Manlius
344 1024 370 1052 is
383 1023 579 1052 condemned.
623 1022 675 1052 He
690 1023 716 1052 is
729 1023 847 1052 clm-own
863 1023 953 1052 down
968 1023 1016 1052 the
1034 1023 1194 1059 Tarpeian
1209 1022 1288 1051 rock.

187 1093 268 1134 40.
300 1093 468 1132 Tribuni
507 1093 640 1143 igitur,
679 1093 860 1143 prodicta
905 1093 980 1139 die,
1019 1094 1060 1132 in
1099 1093 1322 1132 Petelinum

133 1159 262 1196 lucum
292 1164 406 1196 extra
433 1163 589 1208 portam
617 1156 931 1203 Flumentanam,
961 1157 1065 1196 unde
1093 1162 1324 1208 conspectus

133 1223 172 1260 in
195 1222 432 1272 Capitolium
453 1235 532 1259 non
559 1227 673 1269 esset,
696 1221 903 1259 concilium
925 1222 1058 1272 populi
1079 1221 1319 1260 indixerunt.

136 1291 166 1324 2.
200 1287 261 1324 Ibi
281 1286 487 1334 judicium,
509 1285 683 1323 invisum
704 1285 822 1323 etiam
838 1285 1049 1335 judicibus,
1072 1285 1219 1324 factum
1241 1292 1322 1324 est:

133 1358 172 1388 et
194 1351 245 1388 M.
269 1350 442 1388 Manlius
471 1349 680 1387 damnatus
707 1363 729 1387 a
755 1350 926 1388 tribunis
953 1350 1001 1388 de
1027 1363 1122 1388 saxo
1145 1349 1322 1400 dejectus

132 1422 200 1453 est.
261 1416 292 1452 3.
326 1414 388 1452 Ita
425 1415 532 1452 locus
568 1412 673 1452 idem
710 1414 751 1451 in
784 1427 864 1452 uno
896 1414 1055 1453 homine
1088 1420 1128 1452 et
1156 1413 1322 1452 eximiae

133 1479 276 1529 gloriae
297 1484 336 1516 et
356 1491 503 1528 poenae
524 1477 687 1516 ultimae
707 1484 1007 1516 monumentum
1028 1478 1114 1516 fuit.
