1438 2268
231 527 681 578 SELECTIONS
725 526 926 575 FROM
968 524 1165 573 LIVY.

330 710 618 749 L-CAPTURE
647 719 699 746 or
727 707 837 755 Vsu,
870 718 943 747 13.c.
978 708 1063 746 396.

140 817 167 851 1,
183 816 211 845 2.
238 816 426 853 Operations
446 817 480 843 at
504 814 581 849 Veii,
605 822 675 842 now
696 813 831 848 besieyed
847 812 902 849 sor
924 812 1036 848 nearly
1057 812 1094 841 10
1114 820 1214 848 years,
1235 820 1290 840 are

99 866 289 895 continued:
320 865 400 894 little
425 864 525 893 result
551 864 577 892 is
601 863 758 898 obtained,
784 863 897 899 tlzouyh
920 862 1007 892 much
1031 862 1117 898 booty
1138 862 1166 891 is
1186 861 1286 890 taken.

99 915 127 951 3,
144 915 172 945 4.
197 915 237 944 M
236 915 389 951 ystoriam
399 914 560 951 prodiqies
574 922 629 942 are
643 913 797 949 reported,
815 912 980 949 especially
997 913 1046 941 the
1065 912 1168 947 rising]
1189 911 1225 948 os
1242 911 1290 940 the

99 965 206 995 Alban
220 965 316 1001 Lake,
336 965 464 994 without
479 973 546 999 any
559 967 719 1000 apparent
733 972 832 993 cause.

153 1038 185 1078 1.
218 1037 274 1076 Eo
310 1050 414 1075 anno
454 1036 605 1074 tribuni
643 1035 812 1074 militum
856 1035 1050 1074 consulari
1094 1039 1288 1085 potestate

98 1102 217 1140 creati
238 1107 331 1140 sunt
350 1100 392 1139 L.
417 1100 596 1139 Valerius
626 1100 783 1138 Potitus
812 1100 1006 1150 quintum,
1030 1099 1084 1137 M.
1107 1097 1288 1136 Valerius

99 1166 307 1213 Maximus,
349 1165 404 1204 M.
445 1165 588 1203 Furius
626 1164 814 1203 Camillus
852 1164 1024 1211 tertium,
1068 1163 1107 1202 L.
1147 1162 1288 1201 Furius

98 1230 341 1270 Medullinus
378 1229 552 1277 tertium,
592 1229 636 1277 Q.
677 1228 867 1267 Servilius
914 1227 1085 1266 Fidenas
1131 1227 1286 1273 iterum,

98 1294 142 1343 Q.
167 1294 364 1346 Sulpicius
394 1293 625 1332 Camerinus
654 1293 809 1332 iterum.
871 1295 903 1331 2.
936 1292 1010 1330 His
1039 1291 1210 1330 tribunis
1238 1290 1287 1329 ad

97 1359 217 1399 Veios
249 1357 348 1397 nihil
382 1357 595 1396 admodum
629 1357 882 1396 memorabile
916 1364 1047 1395 actum
1081 1362 1164 1395 est:
1203 1360 1289 1394 tota

97 1424 155 1462 vis
183 1423 224 1462 in
252 1422 575 1474 populationibus
603 1422 703 1461 fuit:
745 1421 824 1460 duo
857 1422 999 1460 summi
1033 1421 1288 1471 imperatores

97 1488 253 1527 Potitus
268 1501 291 1526 a
305 1486 479 1534 Faleriis,
497 1485 687 1526 Camillus
707 1499 729 1524 a
745 1485 904 1536 Capena
922 1485 1086 1536 praedas
1106 1485 1288 1536 ingentes

97 1566 219 1605 egere,
254 1551 363 1590 nulla
395 1550 583 1590 incolumi
615 1550 754 1590 relicta
786 1563 838 1598 re,
874 1550 937 1588 cui
970 1549 1072 1588 ferro
1106 1555 1174 1588 aut
1206 1549 1287 1600 igni

96 1617 226 1656 noceri
262 1620 405 1667 posset.
471 1617 502 1654 3.
536 1615 721 1666 Prodigia
754 1615 913 1653 interim
946 1614 1073 1652 multa
1105 1613 1288 1652 nuntiata

95 1687 199 1730 sunt,
221 1693 388 1732 quorum
408 1679 604 1731 pleraque,
628 1685 668 1718 ct
687 1679 779 1730 quia
798 1678 943 1730 singuli
964 1684 1142 1717 auctores
1162 1683 1284 1726 erant,

95 1759 232 1797 parum
262 1743 414 1783 credita
441 1750 662 1794 spretaque,
693 1749 734 1782 et
761 1743 863 1794 quia,
892 1743 1070 1781 hostibus
1099 1742 1284 1790 Etruscis,

97 1824 165 1862 per
197 1822 294 1861 quos
326 1821 372 1847 ea
403 1813 670 1858 procurarent,
700 1808 925 1858 haruspices
953 1820 1033 1846 non
1063 1812 1185 1845 erant.
1249 1808 1286 1844 4.

96 1876 142 1914 In
171 1888 294 1914 unum
322 1872 499 1912 omnium
528 1886 643 1911 curae
672 1885 807 1912 versae
836 1877 939 1920 sunt,
971 1870 1078 1922 quod
1110 1870 1216 1909 lacus
1245 1870 1284 1908 in

96 1940 252 1978 Albano
281 1950 441 1977 nemore
475 1938 558 1975 sine
592 1937 683 1975 ullis
716 1936 949 1975 caelestibus
978 1935 1089 1987 aquis
1122 1947 1287 1974 causave

200 2003 228 2037 ὃ
675 2000 703 2030 A
