1438 2268
426 131 712 165 SELECTIONS
744 133 874 165 FROM
906 132 1033 165 LIVY.
1305 135 1328 172 9

137 239 299 278 exilium
327 240 448 279 abiit:
487 245 668 292 precatus
696 241 745 279 ab
774 240 851 279 diis
879 240 1178 287 immortalibus,
1211 246 1265 288 ut,
1295 241 1327 278 si

135 303 298 343 innoxio
327 304 401 343 sibi
429 317 475 343 ea
502 305 650 355 injuria
677 305 797 352 fieret,
820 305 946 355 primo
973 317 1129 355 quoque
1150 311 1327 354 tempore

135 366 373 406 desiderium
414 369 475 407 sui
512 369 666 407 civitati
703 369 882 420 ingratae
919 369 1101 408 facerent.
1174 369 1327 407 Absens

135 431 360 482 quindecim
380 433 555 472 millibus
574 433 705 484 gravis
725 433 825 472 aeris
844 433 1066 472 damnatur.

173 574 201 604 1.
228 574 457 605 Ambassadors
478 575 564 612 from
596 574 742 606 Clusium
769 585 850 606 come
877 579 907 605 to
934 576 1029 606 Rome
1056 579 1086 605 to
1109 575 1166 605 ask
1184 575 1244 611 for
1269 577 1328 609 aid

132 624 258 660 ayainst
279 625 328 654 the
350 625 450 654 Gauls
462 638 472 655 .·
500 626 528 661 2,
545 625 573 654 3.
601 626 774 655 Tradition
787 629 867 655 asto
882 626 931 655 tlte
944 627 1068 661 cominy
1086 625 1124 662 of
1140 626 1189 655 ιΙιο
1212 626 1322 655 (ἵαιιῐε.

133 673 161 710 6,
178 674 205 705 7.
233 674 331 704 Three
345 683 457 711 ent-oya
471 678 538 704 sent
554 674 641 712 from
656 676 752 705 Rome
767 678 797 705 to
809 675 920 712 forbid
935 676 984 705 tlte
1001 676 1101 705 Gaul-s
1115 679 1145 704 to
1159 676 1264 706 attack-
1278 676 1326 705 the

79 744 83 747 -
135 722 294 754 Clusium.

187 811 255 853 12.
285 812 462 863 Expulso
510 814 606 860 eive,
656 826 734 864 quo
783 820 978 861 manente,
1027 814 1059 851 si
1108 813 1324 864 quidquam

132 875 396 915 humanorum
429 884 580 916 certum
618 884 690 925 est,
725 878 810 928 capi
848 877 976 916 Roma
1012 890 1091 916 non
1129 883 1323 928 potuerat,

132 940 252 992 legati
281 954 305 979 a
335 941 507 980 Clusinis
541 942 718 986 veniunt,
749 941 944 980 auxilium
973 941 1162 980 adversus
1191 941 1325 980 Gallos

131 1010 320 1055 petentes.
400 1007 433 1044 2.
465 1006 562 1044 Eam
599 1012 758 1058 gentem
801 1006 974 1044 traditur
1014 1006 1129 1053 fama,
1169 1011 1323 1058 captam

130 1069 338 1109 dulcedine
372 1070 540 1122 frugum,
572 1070 820 1121 maximeque
849 1070 942 1118 vini,
974 1069 1096 1120 Alpes
1125 1071 1322 1118 transisse,

129 1147 320 1185 agrosque
348 1135 397 1173 ab
427 1134 603 1173 Etruscis
633 1141 724 1173 ante
753 1134 880 1173 cultos
907 1133 1136 1186 possedisse.
1208 1136 1240 1172 3.
1273 1134 1323 1172 Et

129 1198 327 1238 invexisse
356 1199 396 1237 in
426 1199 596 1238 Galliam
627 1200 773 1243 vinum,
798 1199 1018 1238 illiciendae
1043 1199 1174 1250 gentis
1197 1212 1321 1244 causa,

130 1264 326 1302 Aruntem
355 1263 575 1310 Clusinum,
597 1264 655 1302 ira
674 1263 841 1314 injuriae
862 1264 935 1302 sibi
957 1263 1111 1302 oblatae
1132 1263 1181 1301 ab
1202 1263 1324 1302 Lucu-

128 1341 245 1367 mone
281 1333 550 1379 praepotente,
585 1342 608 1367 a
639 1341 719 1379 quo
751 1341 899 1379 poenae
933 1328 1067 1379 expeti
1100 1328 1320 1379 nequirent,

129 1393 204 1430 nisi
218 1398 384 1431 externa
396 1393 455 1430 vis
468 1392 648 1443 quaesita
659 1399 771 1431 esset.
827 1396 861 1430 4.
893 1391 1011 1431 Hunc
1024 1392 1322 1431 transeuntibus

128 1457 251 1508 Alpes
270 1456 421 1503 ducem,
438 1463 478 1495 et
497 1463 696 1495 auctorem
717 1456 970 1508 oppugnandi
992 1456 1168 1495 Clusium
1189 1456 1317 1495 fuisse.

129 1524 162 1560 5.
195 1521 359 1567 Clusini,
381 1534 483 1559 novo
513 1520 616 1559 bello
645 1521 838 1566 exterriti,
860 1534 983 1571 quum
1009 1520 1323 1568 multitudinem,

127 1598 249 1636 quum
269 1586 413 1624 formas
434 1586 638 1624 hominum
664 1585 888 1624 invisitatas
914 1592 1120 1624 cernerent
1139 1591 1180 1624 et
1198 1599 1321 1637 genus

127 1663 337 1696 armorum,
373 1649 522 1700 legatos
552 1649 731 1697 Romam,
765 1650 833 1700 qui
866 1649 1058 1688 auxilium
1095 1650 1144 1688 ab
1181 1656 1319 1688 senatu

127 1707 319 1766 peterent,
352 1714 503 1752 misere.
569 1715 602 1752 6.
633 1713 694 1752 De
723 1713 872 1753 auxilio
906 1713 1005 1752 nihil
1040 1714 1320 1764 impetratum,-

127 1779 246 1830 legati
275 1786 355 1817 tres
384 1778 439 1816 M.
464 1778 575 1816 Fabii
599 1778 787 1816 Ambusti
818 1778 887 1816 filii
916 1778 1034 1825 missi,
1058 1778 1137 1828 qui,
1159 1785 1320 1817 senatus

127 1850 168 1882 et
196 1843 331 1894 populi
360 1843 527 1881 Romani
557 1842 728 1890 nomine,
753 1855 842 1880 cum
868 1842 993 1881 Gallis
1019 1849 1191 1894 agerent,
1213 1856 1273 1889 ne,
1297 1856 1320 1881 a

125 1907 270 1958 quibus
308 1907 457 1945 nullam
495 1907 683 1957 injuriam
720 1907 973 1957 accepissent,
1013 1907 1137 1945 socios
1183 1907 1318 1958 populi

127 1971 296 2011 Romani
338 1978 456 2022 atque
498 1971 644 2010 amicos
685 1977 969 2022 oppugnarent.
1045 1973 1079 2010 7.
1128 1970 1318 2010 Romanis
