1438 2268
131 159 179 193 24
421 156 705 189 SELECTIONS
738 157 866 188 FROM
900 157 1027 188 LIVY.

182 262 261 303 33.
293 262 371 301 Sed
400 263 533 313 diique
562 270 602 301 et
629 263 808 301 homines
837 264 1069 313 prohibuere
1096 264 1319 314 redemptos

129 327 260 365 vivere
281 327 486 365 Romanos.
550 329 583 365 2.
615 327 719 365 Nam
747 328 848 366 forte
877 328 985 377 prius
1014 341 1131 377 quam
1160 328 1320 366 infanda

129 403 276 428 merces
302 392 563 440 perficeretur,
586 404 656 441 per
684 391 980 429 altercationem
1009 391 1185 429 nondum
1212 393 1317 430 omni

129 468 224 493 auro
245 469 427 505 appenso,
451 455 620 494 dictator
640 456 864 501 intervenit,
882 456 1103 506 auferrique
1119 469 1257 494 aurum
1271 455 1319 493 de

131 519 272 566 medio,
298 526 338 557 et
366 519 501 557 Gallos
530 519 781 565 summoveri,
803 519 925 569 jubet.
987 521 1020 557 3.
1053 519 1181 567 Quum
1204 519 1259 557 illi
1281 533 1320 557 se

130 590 264 633 pactos
284 597 367 622 esse
387 583 574 631 dicerent,
593 589 712 634 negat
731 597 817 622 eam
837 584 1056 634 pactionem
1079 590 1205 621 ratam
1226 597 1318 627 esse,

129 661 240 697 quae,
258 654 465 698 postquam
487 648 568 698 ipse
589 647 760 686 dictator
780 655 931 685 creatus
953 654 1066 692 esset,
1084 648 1236 697 injussu
1251 661 1321 685 suo

129 712 232 750 facta
270 718 396 750 esset:
435 717 475 750 et
503 712 714 750 denuntiat
742 712 877 759 Gallis,
910 717 954 749 ut
983 725 1023 750 se
1052 712 1101 749 ad
1131 711 1319 762 proelium

131 776 353 827 expediant.
413 780 448 814 4.
480 777 578 814 Suos
598 776 713 826 jubet
733 789 841 814 arma
860 782 1006 825 aptare,
1029 776 1219 826 ferroque,
1242 789 1320 814 non

130 854 236 887 auro,
260 840 427 888 patriam
451 853 691 890 recuperare.
750 842 782 877 5.
816 840 986 878 Instruit
1014 839 1157 878 deinde
1185 839 1319 882 aciem,

131 910 176 942 ut
196 910 337 942 natura
356 904 429 942 loci
451 904 684 954 patiebatur,
707 904 748 941 in
774 903 856 942 solo
885 903 1093 954 inaequali.
1153 905 1186 941 6.
1217 903 1321 942 Galli

131 981 234 1006 nova
253 981 295 1006 re
316 968 461 1018 trepidi
482 981 590 1005 arma
610 967 771 1017 capiunt
790 967 926 1017 iraque
946 967 1070 1018 magis
1093 981 1211 1017 quam
1237 980 1323 1006 con-

131 1033 217 1070 silio
237 1033 276 1070 in
300 1032 497 1069 Romanos
517 1031 734 1069 incurrunt.
796 1034 827 1069 7.
851 1031 876 1069 J
881 1045 944 1069 am
960 1038 1132 1069 verterat
1151 1031 1320 1078 fortuna,

129 1096 210 1146 jam
231 1097 394 1134 deorum
416 1109 506 1145 opes
529 1096 775 1145 humanaque
800 1095 963 1133 consilia
992 1108 1074 1133 rem
1105 1095 1323 1133 Romanam

131 1160 383 1211 adjuvabant.
442 1162 475 1197 8.
510 1159 636 1209 Igitur
665 1158 790 1209 primo
819 1173 1008 1197 concursu
1038 1159 1145 1197 haud
1175 1159 1322 1209 majore

131 1231 330 1263 momento
361 1224 437 1261 fusi
468 1223 573 1261 Galli
604 1229 706 1269 sunt,
735 1237 852 1273 quam
883 1223 932 1261 ad
963 1223 1108 1261 Alliam
1135 1223 1321 1262 vicerant.

132 1292 165 1328 9.
197 1289 223 1327 J
227 1289 372 1327 ustiore
393 1288 516 1326 altero
536 1287 678 1325 deinde
700 1287 847 1338 proelio
868 1287 917 1325 ad
938 1294 1120 1325 octavum
1150 1287 1323 1338 lapidem

130 1354 284 1392 Gabina
298 1353 373 1400 via,
391 1365 468 1402 quo
489 1365 529 1390 se
549 1365 598 1389 ex
618 1352 708 1401 fuga
723 1351 984 1394 contulerant,
1002 1350 1182 1401 ejusdem
1200 1351 1323 1389 ductu

130 1418 380 1469 auspicioque
401 1416 556 1455 Camilli
577 1416 801 1453 vincuntur.
864 1417 919 1452 10.
953 1415 1014 1453 [bi
1036 1414 1173 1453 caedes
1194 1414 1324 1452 Omnia

130 1483 328 1522 obtinuit:
371 1487 498 1520 castra
535 1481 754 1531 capiuntur,
791 1486 830 1518 et
868 1493 916 1517 ne
957 1479 1124 1517 nuntius
1162 1479 1322 1529 quidem

131 1547 253 1586 cladis
273 1546 442 1585 relictus.

172 1681 328 1717 ΤνίιιυιρΙι
340 1679 376 1716 of
389 1680 551 1709 Camillus.
595 1678 622 1708 3.
642 1679 692 1708 He
698 1678 873 1714 persuades
888 1678 937 1706 che
951 1678 1079 1706 citizens
1094 1679 1123 1705 tv
1141 1676 1262 1705 rebuild
1277 1677 1324 1705 tlzc

129 1736 201 1768 city,
219 1733 246 1760 4.
269 1731 361 1760 which
381 1731 406 1759 is
420 1730 507 1759 done.

183 1808 263 1849 34.
296 1808 487 1853 Dictator,
511 1811 737 1856 recuperata
757 1819 805 1843 ex
826 1804 1010 1843 hostibus
1029 1803 1167 1854 pat-ria,
1190 1803 1324 1841 trium-

131 1874 257 1924 phans
301 1872 340 1909 in
386 1871 523 1909 urbem
565 1869 708 1908 rediit:
756 1870 939 1919 interque
973 1868 1082 1919 jocos
1121 1867 1321 1912 militares,

130 1937 321 1976 Romulus
351 1949 394 1973 ac
429 1948 568 1986 pareus
604 1934 751 1984 patriae
786 1933 1044 1984 conditorque
1079 1931 1178 1970 alter
1215 1931 1324 1969 urbis

130 2001 232 2039 haud
266 2001 374 2037 vanis
405 1999 584 2036 laudibus
614 1997 894 2047 appellabatur.
958 1999 990 2033 2.
1026 1997 1188 2042 Aurum,
1218 1994 1323 2045 quod
