1438 2268
100 181 150 218 20
389 177 675 211 SELECTIONS
706 176 838 209 FROM
868 176 996 208 LIVY.

98 286 254 333 virium,
287 286 429 323 ferunt.
491 286 525 322 8.
568 285 817 333 Argumento
848 283 900 320 sit
930 282 1058 320 clades
1088 282 1290 320 Romana:

98 355 300 400 patentem
337 349 473 386 urbem
513 360 658 397 cepere.
730 348 763 385 9.
805 346 867 384 Ex
901 359 987 384 arce
1018 345 1289 395 Capitolioque

98 413 204 464 quod
225 413 285 450 his
305 413 448 463 exigua
467 424 587 449 manu
609 410 816 456 resistitur,
831 409 913 460 jam
929 409 1143 448 obsidionis
1158 407 1289 446 taedio

98 477 193 514 victi
208 476 437 523 abscedunt,
455 475 624 525 vagique
640 487 710 524 per
725 487 837 525 agros
852 473 1043 524 palantur.
1105 474 1164 511 10.
1190 472 1289 511 Cibo

98 541 269 590 vinoque
302 539 453 590 repleti,
490 539 558 576 ubi
592 551 671 576 nox
705 538 868 588 appetit,
907 550 1028 587 prope
1064 537 1169 574 rivos
1206 536 1289 574 sine

99 604 287 643 custodiis
324 603 470 654 passim
508 603 679 641 ferarum
717 602 798 639 ritu
837 606 1078 639 sternuntur.
1149 601 1207 638 11.
1248 599 1290 637 Si

99 669 210 707 vobis
239 668 280 705 in
310 667 441 706 animo
467 672 527 705 est
551 667 653 704 tueri
674 665 829 703 moenia
847 670 988 711 vestra,
1011 665 1137 715 prima
1156 662 1291 714 vigilia

99 734 225 783 capite
246 745 354 769 arma
373 731 601 780 frequentes
615 744 624 777 ;
653 742 716 767 me
731 729 943 779 sequimini
958 728 1007 766 ad
1023 728 1192 772 caedem,
1210 739 1289 765 non

99 794 148 832 ad
168 793 376 844 pugnam.’'

138 907 315 944 Successful
338 907 445 936 attach·
465 905 502 942 of
520 906 675 934 Camillus
695 905 763 933 and
784 905 832 933 the
856 904 1011 933 Ardeates
1034 913 1072 932 on
1093 913 1114 932 α
1138 906 1236 940 party
1261 903 1297 940 of

100 959 212 993 Gauls,
232 958 297 986 who
311 966 367 986 arc
381 959 432 985 mcc
447 959 477 985 to
487 957 597 992 pieres.

153 1027 226 1070 27.
277 1027 428 1077 Aequis
467 1026 692 1076 iniquisque
731 1038 957 1075 persuasum
1001 1031 1097 1071 erat,
1136 1029 1290 1062 tantum

99 1092 202 1131 bello
240 1092 370 1129 virum
410 1091 607 1129 neminem
646 1103 813 1139 usquam
835 1102 896 1127 ‘ea
929 1095 1163 1138 tempestate
1196 1101 1289 1126 esse.

101 1159 135 1195 2.
167 1155 290 1206 Signo
311 1155 406 1193 dato
426 1155 575 1205 primae
596 1154 723 1191 noctis
739 1152 896 1191 silentio
912 1152 962 1190 ad
977 1159 1110 1203 portas
1127 1152 1292 1190 Camillo

100 1226 256 1271 praesto
294 1220 412 1257 fuere.
479 1220 511 1255 3.
555 1217 724 1269 Egressi,
756 1217 864 1255 haud
892 1216 1027 1267 procul
1056 1216 1162 1263 urbe,
1193 1217 1293 1254 sicut

99 1284 343 1334 praedictum
360 1283 499 1329 fuerat,
517 1288 644 1320 castra
659 1281 876 1328 Gallorum,
892 1281 1023 1318 intuta
1038 1279 1293 1331 neglectaque

100 1349 148 1387 ab
177 1349 283 1386 omni
313 1353 435 1398 parte,
467 1360 554 1384 cum
589 1346 742 1397 ingenti
777 1345 944 1383 clamore
982 1344 1187 1383 invadunt.
1256 1348 1290 1383 4.

100 1412 306 1462 Nusquam
336 1411 540 1461 proelium,
573 1410 756 1447 omnibus
783 1409 878 1447 locis
907 1408 1044 1447 caedes
1073 1415 1154 1447 est:
1188 1408 1294 1446 nuda

100 1489 263 1527 corpora
293 1482 333 1513 et
364 1475 493 1513 soluta
523 1487 659 1512 somno
691 1473 954 1512 trucidantur.
1019 1475 1054 1511 5.
1086 1473 1294 1511 Extremos

100 1547 232 1579 tamen
258 1552 393 1590 pavor,
416 1538 610 1577 cubilibus
640 1538 720 1575 suis
750 1538 912 1583 excitos,
933 1537 1166 1588 ignarosque
1196 1550 1294 1587 quae

100 1611 169 1643 aut
190 1604 295 1642 unde
317 1604 376 1641 vis
397 1610 509 1649 esset,
533 1603 573 1640 in
593 1603 726 1653 fugam
747 1601 851 1639 tulit.
913 1602 946 1638 6.
978 1601 1123 1652 Magna
1143 1614 1232 1651 pars
1254 1602 1293 1638 iu

100 1682 237 1720 agrum
258 1667 466 1705 Antiatem
489 1666 622 1714 delati,
641 1667 862 1704 incursione
883 1666 932 1703 ab
952 1665 1160 1716 oppidanis
1178 1665 1292 1711 facta,

100 1732 476 1771 circumveniuntur.

140 1844 198 1872 1-4.
240 1843 303 1872 The
331 1842 482 1877 Romans,
515 1841 580 1869 ‘et-ho
610 1841 674 1869 had
703 1840 831 1877 escaped
855 1844 884 1869 to
915 1841 992 1875 Veii,
1023 1840 1157 1868 resolrcrl
1185 1843 1214 1868 to
1240 1839 1296 1868 ask·

101 1894 150 1922 che
170 1896 273 1922 xenate
294 1896 324 1920 to
344 1892 440 1921 recall
463 1891 628 1920 Camillus.
673 1890 733 1920 5-7.
760 1889 936 1926 Successful
957 1891 1083 1918 misswn
1106 1889 1142 1925 os
1159 1889 1295 1918 Pontius

103 1942 330 1978 (¹⁰1711'11iu3sm·
344 1942 406 1970 this
416 1950 563 1978 purpose.
610 1940 765 1969 Camillus
780 1940 951 1976 appointed
965 1940 1109 1968 dictalor.

156 2014 230 2055 28.
265 2013 374 2050 Veiis
403 2013 561 2049 interim
593 2023 671 2048 non
703 2011 822 2048 animi
854 2017 1006 2048 tantum
1039 2011 1078 2047 in
1109 2009 1203 2057 «lies,
1227 2010 1292 2048 sed
