1438 2268
107 167 155 204 18
396 165 682 198 SELECTIONS
712 166 739 197 F
742 166 842 198 ROM
874 166 1002 199 LIVY.

154 272 233 313 24.
275 272 337 311 Ibi
375 273 633 310 intuebantur
669 272 775 310 viros
811 273 853 310 in
892 273 1049 312 aedium
1086 275 1293 314 vestibulis

101 333 293 380 sedentes,
316 334 524 383 majestate
550 334 770 372 simillimos
796 334 883 372 diis.
945 337 976 372 2.
1014 335 1078 373 Ad
1097 349 1163 374 eos
1182 336 1293 375 velut

99 397 307 436 simulacra
322 397 422 436 versi
439 410 561 447 quum
577 403 739 444 starent,
756 410 858 436 unus
874 411 922 436 ex
938 398 1010 446 his,
1026 399 1081 437 M.
1096 399 1288 450 Papirius,

99 461 243 499 dicitur
272 461 398 508 Gallo,
428 462 590 499 barbam
621 475 730 500 suam
758 463 991 512 promissam
1019 463 1288 513 permulcenti,

98 526 270 575 scipione
300 526 470 564 eburneo
501 539 695 576 percusso,
726 526 824 564 iram
853 527 1031 565 movisse.
1092 529 1123 565 3.
1157 527 1222 566 Ab
1245 541 1291 567 eo

97 590 255 628 initium
284 589 411 628 caedis
438 594 581 636 ortum,
603 595 643 628 et
667 591 786 628 ceteri
813 591 854 628 in
883 591 1042 630 sedibus
1068 592 1148 630 suis
1173 592 1291 630 truci-

96 654 190 692 dati.
260 657 294 692 4.
327 654 423 692 Post
450 654 674 704 principum
703 654 863 693 caedem
892 655 990 693 nulli
1019 655 1163 694 deinde
1191 669 1291 695 mor-

96 718 234 756 talium
267 719 467 769 parcitur:
508 718 750 769 diripiuntur
778 724 892 766 tecta,
930 719 1132 758 exhaustis
1165 720 1289 771 injici-

95 787 216 820 untur
253 783 373 833 ignes.
453 785 484 820 5.
518 783 688 820 Romani
726 783 885 821 interim
923 796 973 821 ex
1011 797 1098 822 arce
1130 784 1287 834 plenam

94 847 267 884 hostium
296 847 434 886 urlem
463 847 683 893 cernebant,
707 852 746 885 et
775 861 1008 898 quocunque
1036 848 1181 887 clamor
1202 849 1287 888 hos-

92 911 203 957 tium,
214 911 421 949 mulierum
430 924 719 962 puerorumque
732 912 919 962 ploratus,
929 913 1081 950 sonitus
1093 913 1283 961 flammae,

93 980 132 1013 et
169 976 300 1026 fragor
336 976 538 1013 ruentium
576 981 770 1013 tectorum
809 975 1055 1023 advertisset,
1096 983 1284 1027 paventes

92 1039 223 1078 oculos
243 1040 462 1077 flectebant.
523 1042 556 1078 6.
589 1039 671 1077 Nec
697 1039 949 1090 tranquillior
974 1054 1053 1080 nox
1077 1041 1182 1080 diem
1202 1047 1283 1081 tam

90 1104 203 1142 foede
232 1109 363 1142 actum
393 1104 570 1154 excepit:
610 1104 679 1142 lux
709 1104 851 1143 deinde
881 1111 1036 1143 noctem
1066 1106 1282 1156 inquietam

89 1169 265 1206 insecuta
294 1175 378 1206 est:
418 1181 489 1206 nec
518 1168 643 1206 ullum
673 1174 757 1207 erat
785 1173 952 1219 tempus,
981 1169 1086 1219 quod
1112 1183 1135 1208 a
1158 1183 1282 1210 novae

88 1246 241 1283 semper
269 1233 390 1270 cladis
419 1233 585 1282 alicujus
614 1233 836 1283 spectaculo
866 1240 1045 1272 cessaret.
1119 1237 1152 1272 7.
1188 1235 1280 1273 Non

87 1303 232 1343 tamen,
246 1302 307 1334 tot
323 1297 436 1334 malis
453 1297 616 1341 onerati,
638 1297 836 1335 flexerunt
852 1297 1002 1336 animos
1017 1298 1113 1348 quin
1128 1299 1277 1348 collem,

87 1375 204 1412 quem
224 1362 426 1407 tenebant,
447 1362 595 1399 virtute
616 1361 885 1400 defenderent.

124 1495 184 1524 1-4.
212 1495 276 1524 The
291 1495 400 1530 Gauls,
419 1494 633 1531 unsuccessful
653 1495 687 1524 in
704 1504 747 1524 an
766 1497 896 1532 attempt
917 1499 946 1524 to
965 1499 1061 1525 storm
1076 1496 1125 1526 the
1141 1496 1275 1534 Capitol,

84 1545 112 1580 5,
129 1545 156 1574 6.
176 1545 289 1574 resolve
304 1548 333 1574 to
348 1545 489 1574 bloclcade
506 1546 538 1575 it.

136 1622 213 1664 25.
246 1622 349 1660 Galli
384 1627 526 1668 autem,
563 1636 683 1672 quum
719 1622 823 1660 inter
855 1622 1036 1661 incendia
1068 1637 1111 1662 ac
1144 1624 1277 1663 ruinas

81 1692 217 1737 captae
237 1687 347 1725 urbis
367 1686 466 1724 nihil
491 1700 692 1737 superesse
719 1686 901 1726 viderent·
926 1692 1082 1737 praeter
1106 1695 1276 1728 armatos

80 1751 223 1798 hostes,
246 1752 437 1802 impetum
457 1751 583 1790 facere
604 1751 644 1789 in
666 1764 793 1790 arcem
815 1756 1006 1790 statuunt.
1078 1755 1110 1790 2.
1142 1752 1275 1792 Prima

79 1816 174 1863 luce,
198 1816 309 1867 signo
330 1815 433 1864 dato,
456 1815 674 1854 multitudo
703 1816 830 1854 omnis
859 1816 898 1854 in
928 1817 1011 1855 foro
1040 1817 1274 1856 instruitur:

78 1880 180 1928 inde,
217 1881 383 1919 clamore
422 1879 577 1919 sublato
615 1893 657 1918 ac
695 1880 897 1919 testudine
936 1881 1049 1927 facta,
1089 1881 1270 1921 subeunt.

78 1947 110 1982 3.
145 1945 324 1991 Romani,
369 1944 418 1983 ad
466 1957 601 1983 omnes
648 1944 780 1982 aditus
819 1945 1056 1984 stationibus
1094 1946 1269 1994 firmatis,

75 2009 259 2047 scandere
286 2009 422 2047 sinunt
449 2009 627 2047 hostem:
663 2009 749 2054 rati,
779 2022 856 2059 quo
884 2009 1009 2061 magis
1036 2009 1075 2047 in
1103 2009 1270 2048 arduum
