1438 2268
54 160 101 197 12
343 157 628 190 SELECTIONS
660 158 788 190 FROM
822 157 949 191 LIVY.

52 265 252 303 Gallorum
299 265 350 303 ad
397 265 587 315 populum
631 265 838 315 rejiciunt:
889 265 957 304 ubi
999 270 1111 304 tanto
1153 265 1240 316 plus

49 329 177 380 gratia
210 334 328 379 atque
363 342 454 379 opes
487 329 655 374 valuere,
688 335 734 367 ut
766 329 804 376 ii,
840 342 1006 379 quorum
1037 329 1085 368 de
1116 343 1241 381 poena

51 393 250 443 agebatur,
281 393 430 431 tribuni
465 393 637 430 militum
670 393 863 431 consulari
894 398 1088 444 potestate
1121 406 1241 432 crear-

51 461 178 495 entur.
264 457 298 495 7.
344 456 430 504 Quo
472 456 586 502 facto,
626 456 732 495 haud
773 470 882 496 secus
923 471 1040 508 quam
1077 457 1240 509 dignum

50 526 144 567 erat,
185 520 328 558 infensi
361 520 475 567 Galli,
511 520 657 559 bellum
689 521 892 572 propalam
920 522 1160 568 minitantes,
1191 522 1239 560 ad

51 597 140 622 suos
170 584 345 622 redeunt.

91 722 115 750 1.
144 722 206 750 The
233 730 300 750 ‘new
327 721 469 751 tribunes
496 721 570 751 hold
601 730 622 750 a
649 721 725 758 lery.
777 722 805 751 2.
842 722 905 751 The
933 722 1033 751 (ἴαται
1060 722 1240 751 meanwhile

50 771 154 807 hurry
169 781 205 799 on
223 775 253 800 to
267 772 370 800 Rome.
414 771 443 806 3,
460 772 487 800 4.
516 772 579 801 ΤΙιε
599 772 750 807 Romans,
768 772 913 801 alar-med
927 775 959 800 αι
974 773 1055 801 their
1068 772 1237 808 approach,

50 820 124 850 with
137 829 156 848 α
172 821 443 857 Izastily-enrolled
457 830 549 857 army
564 824 639 850 meet
654 821 731 850 them
747 824 781 850 αι
795 822 844 850 tlte
857 822 942 851 river
955 822 1056 851 Allia.

105 909 178 950 16.
208 909 385 957 Tribuni,
408 922 577 960 quorum
593 911 817 949 temeritate
834 910 980 949 bellum
994 916 1240 949 contractum

50 979 146 1020 erat,
178 986 353 1012 summae
383 987 512 1012 rerum
542 979 776 1024 praeerant:
815 974 1087 1025 delectumque
1116 974 1240 1013 nihilo

50 1038 340 1085 accuratiorem,
358 1051 476 1088 quam
492 1038 542 1076 ad
558 1038 688 1076 media
707 1038 811 1076 bella
830 1038 965 1077 haberi
985 1039 1124 1077 solitus
1144 1045 1236 1084 erat,

51 1105 330 1152 (extenuantes
354 1102 472 1140 etiam
499 1103 643 1140 famam
669 1101 780 1151 belli)
807 1102 1015 1141 habehant.
1074 1103 1238 1141 Interim

51 1166 166 1211 Galli,
181 1170 392 1216 postquam
409 1179 589 1216 accepere
603 1166 708 1204 ultro
724 1165 911 1204 honorem
929 1166 1107 1205 habitum
1123 1167 1240 1206 viola-

50 1230 201 1268 toribus
210 1230 312 1280 juris
325 1230 517 1281 gentium,
532 1230 758 1280 elusamque
772 1243 882 1268 suam
895 1230 1130 1282 legationem
1145 1244 1238 1277 esse,

49 1294 258 1345 flagrantes
273 1294 341 1341 ira,
360 1294 471 1344 cujus
487 1294 682 1344 impotens
698 1301 758 1332 est
771 1308 877 1346 gem,
895 1295 1100 1334 confestim
1120 1296 1239 1347 signis

49 1359 258 1405 convulsis,
293 1359 415 1397 citato
453 1358 608 1409 agmine
643 1359 718 1397 iter
751 1359 1036 1409 ingrediuntur.
1097 1361 1130 1398 3.
1162 1360 1239 1398 Sed

50 1422 307 1461 antecedente
345 1422 451 1460 fama
488 1422 717 1473 nuntiisque
757 1423 1021 1471 Clusinorum,
1056 1423 1240 1475 deinceps

49 1487 142 1525 inde
171 1487 336 1525 aliorum
367 1486 614 1537 populorum,
639 1486 853 1537 plurimum
882 1488 1042 1526 terroris
1071 1488 1238 1526 Romani

49 1550 226 1590 celeritas
264 1551 439 1589 hostium
477 1550 570 1588 tulit
587 1566 597 1598 ;
639 1551 792 1601 quibus,
834 1551 943 1590 velut
979 1551 1239 1590 tumultuario

49 1615 226 1654 exercitu
246 1615 391 1665 raptim
412 1615 542 1660 ducto,
565 1628 680 1666 aegre
709 1615 758 1653 ad
789 1615 1040 1654 undecimum
1068 1615 1238 1668 lapidem

49 1693 249 1718 occursum
273 1685 342 1726 est,
366 1693 443 1729 qua
463 1679 610 1717 flumen
631 1679 748 1726 Allia,
772 1692 792 1717 e
812 1679 1074 1718 Crustaminis
1098 1681 1240 1719 monti-

48 1744 120 1782 bus
146 1743 322 1794 praealto
350 1743 461 1781 alveo
488 1743 675 1789 defluens,
698 1743 802 1781 haud
823 1743 994 1782 multum
1014 1744 1115 1783 infra
1134 1744 1238 1783 viam

47 1808 234 1846 Tiberino
266 1807 371 1845 amni
404 1808 599 1845 miscetur.
660 1810 693 1844 4.
724 1807 816 1845 Jam
847 1808 978 1846 omnia
1005 1815 1142 1847 contra
1170 1810 1238 1847 cir-

48 1885 168 1922 caque
189 1872 362 1910 hostium
383 1871 499 1922 plena
519 1877 643 1919 erant,
666 1877 706 1909 et
726 1878 820 1910 nata
839 1873 879 1910 in
900 1885 1022 1910 vanos
1042 1873 1238 1911 tumultus

44 1949 151 1987 gens,
174 1936 274 1974 truci
296 1942 414 1974 cantu
433 1935 747 1986 clamoribusque
767 1936 898 1983 variis,
918 1936 1115 1975 horrendo
1141 1949 1238 1976 sono

44 2006 186 2039 cuncta
204 2000 484 2051 compleverat,
