<?xml version="1.0" encoding="UTF-8"?>
<!DOCTYPE html PUBLIC "-//W3C//DTD XHTML 1.0 Transitional//EN"
    "http://www.w3.org/TR/xhtml1/DTD/xhtml1-transitional.dtd">
<html xmlns="http://www.w3.org/1999/xhtml" xml:lang="en" lang="en">
 <head>
  <title>
</title>
<meta http-equiv="Content-Type" content="text/html;charset=utf-8" />
  <meta name='ocr-system' content='tesseract 3.04.00' />
  <meta name='ocr-capabilities' content='ocr_page ocr_carea ocr_par ocr_line ocrx_word'/>
</head>
<body>
  <div class='ocr_page' id='page_1' title='image "./selectionsbooksv00livyuoft_0042.png"; bbox 0 0 1438 2268; ppageno 0'>
   <div class='ocr_carea' id='block_1_1' title="bbox 129 161 1025 200">
    <p class='ocr_par' dir='ltr' id='par_1_1' title="bbox 129 161 1025 200">
     <span class='ocr_line' id='line_1_1' title="bbox 129 161 1025 200; baseline 0.003 -9"><span class='ocrx_word' id='word_1_1' title='bbox 129 163 176 200; x_wconf 81' lang='lat'>26</span> <span class='ocrx_word' id='word_1_2' title='bbox 418 161 703 194; x_wconf 82' lang='lat' dir='ltr'>SELECTIONS</span> <span class='ocrx_word' id='word_1_3' title='bbox 736 162 865 194; x_wconf 88' lang='lat' dir='ltr'><strong>FROM</strong></span> <span class='ocrx_word' id='word_1_4' title='bbox 898 162 1025 194; x_wconf 87' lang='lat' dir='ltr'><strong>LIVY.</strong></span> 
     </span>
    </p>
   </div>
   <div class='ocr_carea' id='block_1_2' title="bbox 125 268 1318 508">
    <p class='ocr_par' dir='ltr' id='par_1_2' title="bbox 125 268 1318 508">
     <span class='ocr_line' id='line_1_2' title="bbox 126 268 1316 319; baseline 0.002 -14"><span class='ocrx_word' id='word_1_5' title='bbox 126 281 264 305; x_wconf 89' lang='lat' dir='ltr'>manus</span> <span class='ocrx_word' id='word_1_6' title='bbox 288 268 432 318; x_wconf 86' lang='lat' dir='ltr'>injecit.</span> <span class='ocrx_word' id='word_1_7' title='bbox 493 271 524 305; x_wconf 78' lang='lat'><strong>2.</strong></span> <span class='ocrx_word' id='word_1_8' title='bbox 558 268 609 305; x_wconf 88' lang='lat' dir='ltr'>Et</span> <span class='ocrx_word' id='word_1_9' title='bbox 628 268 863 306; x_wconf 87' lang='lat' dir='ltr'>vociferatus</span> <span class='ocrx_word' id='word_1_10' title='bbox 883 268 931 306; x_wconf 87' lang='lat' dir='ltr'>de</span> <span class='ocrx_word' id='word_1_11' title='bbox 955 269 1137 319; x_wconf 89' lang='lat' dir='ltr'>superbia</span> <span class='ocrx_word' id='word_1_12' title='bbox 1160 275 1316 318; x_wconf 87' lang='lat' dir='ltr'>patrum</span> 
     </span>
     <span class='ocr_line' id='line_1_3' title="bbox 125 332 1318 384; baseline 0.002 -15"><span class='ocrx_word' id='word_1_13' title='bbox 125 345 168 369; x_wconf 87' lang='lat' dir='ltr'>ac</span> <span class='ocrx_word' id='word_1_14' title='bbox 188 332 420 370; x_wconf 88' lang='lat' dir='ltr'>crudelitate</span> <span class='ocrx_word' id='word_1_15' title='bbox 442 333 717 377; x_wconf 76' lang='lat' dir='ltr'>feneratorum,</span> <span class='ocrx_word' id='word_1_16' title='bbox 742 334 772 370; x_wconf 87' lang='lat'>3.</span> <span class='ocrx_word' id='word_1_17' title='bbox 796 332 934 371; x_wconf 92' lang='lat' dir='ltr'>“Tum</span> <span class='ocrx_word' id='word_1_18' title='bbox 956 346 1045 371; x_wconf 91' lang='lat' dir='ltr'>vero</span> <span class='ocrx_word' id='word_1_19' title='bbox 1066 346 1137 384; x_wconf 87' lang='lat' dir='ltr'>ego</span> <span class='ocrx_word' id='word_1_20' title='bbox 1149 334 1168 349; x_wconf 91' lang='lat'>”</span> <span class='ocrx_word' id='word_1_21' title='bbox 1188 334 1318 384; x_wconf 88' lang='lat' dir='ltr'>inquit</span> 
     </span>
     <span class='ocr_line' id='line_1_4' title="bbox 128 396 1314 447; baseline 0.002 -14"><span class='ocrx_word' id='word_1_22' title='bbox 128 399 149 416; x_wconf 76' lang='lat'>‘⁴</span> <span class='ocrx_word' id='word_1_23' title='bbox 163 396 429 446; x_wconf 83' lang='lat' dir='ltr'>nequidquam</span> <span class='ocrx_word' id='word_1_24' title='bbox 443 396 513 434; x_wconf 84' lang='lat' dir='ltr'>hac</span> <span class='ocrx_word' id='word_1_25' title='bbox 526 396 667 434; x_wconf 84' lang='lat' dir='ltr'>dextra</span> <span class='ocrx_word' id='word_1_26' title='bbox 674 397 916 446; x_wconf 85' lang='lat' dir='ltr'>Capitolium</span> <span class='ocrx_word' id='word_1_27' title='bbox 931 410 1137 447; x_wconf 83' lang='lat' dir='ltr'>arcemque</span> <span class='ocrx_word' id='word_1_28' title='bbox 1150 397 1314 445; x_wconf 86' lang='lat' dir='ltr'>servavi,</span> 
     </span>
     <span class='ocr_line' id='line_1_5' title="bbox 125 457 1317 508; baseline 0.003 -14"><span class='ocrx_word' id='word_1_29' title='bbox 125 457 158 495; x_wconf 89' lang='lat' dir='ltr'>si</span> <span class='ocrx_word' id='word_1_30' title='bbox 191 457 316 495; x_wconf 88' lang='lat' dir='ltr'>civem</span> <span class='ocrx_word' id='word_1_31' title='bbox 350 458 736 508; x_wconf 78' lang='lat' dir='ltr'>commilitonemque</span> <span class='ocrx_word' id='word_1_32' title='bbox 769 471 900 496; x_wconf 91' lang='lat' dir='ltr'>meum</span> <span class='ocrx_word' id='word_1_33' title='bbox 934 458 974 495; x_wconf 90' lang='lat' dir='ltr'>in</span> <span class='ocrx_word' id='word_1_34' title='bbox 1009 459 1241 497; x_wconf 89' lang='lat' dir='ltr'>servitutem</span> <span class='ocrx_word' id='word_1_35' title='bbox 1274 472 1317 497; x_wconf 87' lang='lat' dir='ltr'>ac</span> 
     </span>
    </p>
   </div>
   <div class='ocr_carea' id='block_1_3' title="bbox 124 521 1318 1010">
    <p class='ocr_par' dir='ltr' id='par_1_3' title="bbox 124 521 1318 1010">
     <span class='ocr_line' id='line_1_6' title="bbox 124 521 1314 570; baseline 0.002 -12"><span class='ocrx_word' id='word_1_36' title='bbox 124 521 282 559; x_wconf 89' lang='lat' dir='ltr'>vincula</span> <span class='ocrx_word' id='word_1_37' title='bbox 311 521 400 559; x_wconf 90' lang='lat' dir='ltr'>duci</span> <span class='ocrx_word' id='word_1_38' title='bbox 429 521 620 560; x_wconf 89' lang='lat' dir='ltr'>videam.&#39;&#39;</span> <span class='ocrx_word' id='word_1_39' title='bbox 679 525 711 559; x_wconf 90' lang='lat'>4.</span> <span class='ocrx_word' id='word_1_40' title='bbox 745 521 844 560; x_wconf 90' lang='lat' dir='ltr'>Inde</span> <span class='ocrx_word' id='word_1_41' title='bbox 873 535 956 560; x_wconf 88' lang='lat' dir='ltr'>rem</span> <span class='ocrx_word' id='word_1_42' title='bbox 983 521 1167 561; x_wconf 80' lang='lat' dir='ltr'>creditori</span> <span class='ocrx_word' id='word_1_43' title='bbox 1186 522 1314 570; x_wconf 82' lang='lat' dir='ltr'>solvit,</span> 
     </span>
     <span class='ocr_line' id='line_1_7' title="bbox 124 585 1318 637; baseline 0.002 -14"><span class='ocrx_word' id='word_1_44' title='bbox 124 585 411 636; x_wconf 88' lang='lat' dir='ltr'>liberat-umque</span> <span class='ocrx_word' id='word_1_45' title='bbox 449 586 600 624; x_wconf 87' lang='lat' dir='ltr'>emittit</span> <span class='ocrx_word' id='word_1_46' title='bbox 637 586 730 625; x_wconf 91' lang='lat' dir='ltr'>deos</span> <span class='ocrx_word' id='word_1_47' title='bbox 763 586 1020 637; x_wconf 87' lang='lat' dir='ltr'>hominesque</span> <span class='ocrx_word' id='word_1_48' title='bbox 1054 587 1318 625; x_wconf 85' lang='lat' dir='ltr'>obtestantem</span> 
     </span>
     <span class='ocr_line' id='line_1_8' title="bbox 124 649 1314 701; baseline 0.003 -15"><span class='ocrx_word' id='word_1_49' title='bbox 124 655 170 687; x_wconf 88' lang='lat' dir='ltr'>ut</span> <span class='ocrx_word' id='word_1_50' title='bbox 190 650 244 687; x_wconf 90' lang='lat' dir='ltr'>M.</span> <span class='ocrx_word' id='word_1_51' title='bbox 268 649 432 696; x_wconf 89' lang='lat' dir='ltr'>Manlio,</span> <span class='ocrx_word' id='word_1_52' title='bbox 454 649 656 689; x_wconf 86' lang='lat' dir='ltr'>liberatori</span> <span class='ocrx_word' id='word_1_53' title='bbox 680 664 762 698; x_wconf 88' lang='lat' dir='ltr'>suo,</span> <span class='ocrx_word' id='word_1_54' title='bbox 785 651 938 701; x_wconf 88' lang='lat' dir='ltr'>parenti</span> <span class='ocrx_word' id='word_1_55' title='bbox 958 651 1082 701; x_wconf 89' lang='lat' dir='ltr'>plebis</span> <span class='ocrx_word' id='word_1_56' title='bbox 1103 651 1314 699; x_wconf 84' lang='lat' dir='ltr'>Romanae,</span> 
     </span>
     <span class='ocr_line' id='line_1_9' title="bbox 124 714 1317 764; baseline 0.002 -13"><span class='ocrx_word' id='word_1_57' title='bbox 124 714 293 764; x_wconf 76' lang='lat' dir='ltr'>gratiam</span> <span class='ocrx_word' id='word_1_58' title='bbox 321 714 505 752; x_wconf 87' lang='lat' dir='ltr'>referant.</span> <span class='ocrx_word' id='word_1_59' title='bbox 566 717 599 752; x_wconf 87' lang='lat'>5.</span> <span class='ocrx_word' id='word_1_60' title='bbox 631 714 775 753; x_wconf 80' lang='lat' dir='ltr'>Postea</span> <span class='ocrx_word' id='word_1_61' title='bbox 801 715 856 753; x_wconf 89' lang='lat' dir='ltr'>M.</span> <span class='ocrx_word' id='word_1_62' title='bbox 884 715 1059 753; x_wconf 84' lang='lat' dir='ltr'>Manlius</span> <span class='ocrx_word' id='word_1_63' title='bbox 1082 715 1251 753; x_wconf 89' lang='lat' dir='ltr'>fundum</span> <span class='ocrx_word' id='word_1_64' title='bbox 1275 715 1317 753; x_wconf 90' lang='lat' dir='ltr'>in</span> 
     </span>
     <span class='ocr_line' id='line_1_10' title="bbox 125 777 1317 830; baseline 0.003 -15"><span class='ocrx_word' id='word_1_65' title='bbox 125 777 283 816; x_wconf 79' lang='lat' dir='ltr'>Veienti</span> <span class='ocrx_word' id='word_1_66' title='bbox 304 779 488 828; x_wconf 87' lang='lat' dir='ltr'>praeconi</span> <span class='ocrx_word' id='word_1_67' title='bbox 516 779 697 829; x_wconf 84' lang='lat' dir='ltr'>subjecit,</span> <span class='ocrx_word' id='word_1_68' title='bbox 719 792 767 817; x_wconf 88' lang='lat' dir='ltr'>ne</span> <span class='ocrx_word' id='word_1_69' title='bbox 792 779 880 829; x_wconf 89' lang='lat' dir='ltr'>quis</span> <span class='ocrx_word' id='word_1_70' title='bbox 907 780 1062 826; x_wconf 83' lang='lat' dir='ltr'>civium,</span> <span class='ocrx_word' id='word_1_71' title='bbox 1085 779 1208 818; x_wconf 90' lang='lat' dir='ltr'>donec</span> <span class='ocrx_word' id='word_1_72' title='bbox 1234 779 1317 830; x_wconf 84' lang='lat' dir='ltr'>ipse</span> 
     </span>
     <span class='ocr_line' id='line_1_11' title="bbox 124 842 1317 894; baseline 0.002 -14"><span class='ocrx_word' id='word_1_73' title='bbox 124 842 340 893; x_wconf 81' lang='lat' dir='ltr'>quidquam</span> <span class='ocrx_word' id='word_1_74' title='bbox 369 842 542 890; x_wconf 88' lang='lat' dir='ltr'>haberet,</span> <span class='ocrx_word' id='word_1_75' title='bbox 575 843 763 893; x_wconf 88' lang='lat' dir='ltr'>pecuniae</span> <span class='ocrx_word' id='word_1_76' title='bbox 789 843 990 894; x_wconf 85' lang='lat' dir='ltr'>judicatus</span> <span class='ocrx_word' id='word_1_77' title='bbox 1019 849 1130 882; x_wconf 89' lang='lat' dir='ltr'>esset.</span> <span class='ocrx_word' id='word_1_78' title='bbox 1204 845 1236 882; x_wconf 85' lang='lat'><strong>6.</strong></span> <span class='ocrx_word' id='word_1_79' title='bbox 1269 843 1317 882; x_wconf 92' lang='lat' dir='ltr'>Id</span> 
     </span>
     <span class='ocr_line' id='line_1_12' title="bbox 125 907 1318 958; baseline 0.002 -14"><span class='ocrx_word' id='word_1_80' title='bbox 125 920 218 945; x_wconf 89' lang='lat' dir='ltr'>vero</span> <span class='ocrx_word' id='word_1_81' title='bbox 251 907 307 945; x_wconf 89' lang='lat' dir='ltr'>ita</span> <span class='ocrx_word' id='word_1_82' title='bbox 340 907 519 945; x_wconf 85' lang='lat' dir='ltr'>accendit</span> <span class='ocrx_word' id='word_1_83' title='bbox 552 907 714 955; x_wconf 90' lang='lat' dir='ltr'>animos,</span> <span class='ocrx_word' id='word_1_84' title='bbox 745 915 790 945; x_wconf 81' lang='lat' dir='ltr'>ut</span> <span class='ocrx_word' id='word_1_85' title='bbox 819 921 888 958; x_wconf 88' lang='lat' dir='ltr'>per</span> <span class='ocrx_word' id='word_1_86' title='bbox 917 921 1031 946; x_wconf 90' lang='lat' dir='ltr'>omne</span> <span class='ocrx_word' id='word_1_87' title='bbox 1059 908 1117 946; x_wconf 83' lang='lat' dir='ltr'>fas</span> <span class='ocrx_word' id='word_1_88' title='bbox 1140 921 1184 946; x_wconf 86' lang='lat' dir='ltr'>ac</span> <span class='ocrx_word' id='word_1_89' title='bbox 1208 907 1318 946; x_wconf 86' lang='lat' dir='ltr'>nefas</span> 
     </span>
     <span class='ocr_line' id='line_1_13' title="bbox 125 970 989 1010; baseline 0.002 -2"><span class='ocrx_word' id='word_1_90' title='bbox 125 971 297 1009; x_wconf 86' lang='lat' dir='ltr'>secuturi</span> <span class='ocrx_word' id='word_1_91' title='bbox 317 970 514 1009; x_wconf 83' lang='lat' dir='ltr'>vindicem</span> <span class='ocrx_word' id='word_1_92' title='bbox 534 971 729 1010; x_wconf 88' lang='lat' dir='ltr'>libertatis</span> <span class='ocrx_word' id='word_1_93' title='bbox 749 971 989 1010; x_wconf 88' lang='lat' dir='ltr'>viderentur.</span> 
     </span>
    </p>
   </div>
   <div class='ocr_carea' id='block_1_4' title="bbox 114 1108 1318 1244">
    <p class='ocr_par' dir='ltr' id='par_1_4' title="bbox 114 1108 1318 1244">
     <span class='ocr_line' id='line_1_14' title="bbox 164 1108 1313 1145; baseline 0.002 -8"><span class='ocrx_word' id='word_1_94' title='bbox 164 1108 213 1137; x_wconf 83' lang='lat' dir='ltr'>He</span> <span class='ocrx_word' id='word_1_95' title='bbox 228 1108 255 1137; x_wconf 76' lang='lat' dir='ltr'>is</span> <span class='ocrx_word' id='word_1_96' title='bbox 269 1109 449 1137; x_wconf 76' lang='lat' dir='ltr'>summoned</span> <span class='ocrx_word' id='word_1_97' title='bbox 463 1109 500 1144; x_wconf 78' lang='lat' dir='ltr'>by</span> <span class='ocrx_word' id='word_1_98' title='bbox 516 1109 564 1137; x_wconf 75' lang='lat' dir='ltr'>che</span> <span class='ocrx_word' id='word_1_99' title='bbox 578 1109 713 1138; x_wconf 73' lang='lat' dir='ltr'>dictacm·</span> <span class='ocrx_word' id='word_1_100' title='bbox 726 1118 767 1138; x_wconf 87' lang='lat' dir='ltr'>on</span> <span class='ocrx_word' id='word_1_101' title='bbox 779 1109 891 1144; x_wconf 62' lang='lat' dir='ltr'>charge</span> <span class='ocrx_word' id='word_1_102' title='bbox 901 1108 938 1144; x_wconf 87' lang='lat' dir='ltr'>of</span> <span class='ocrx_word' id='word_1_103' title='bbox 947 1109 1083 1145; x_wconf 69' lang='lat' dir='ltr'>excitinq</span> <span class='ocrx_word' id='word_1_104' title='bbox 1094 1109 1313 1139; x_wconf 68' lang='lat' dir='ltr'>insurrection-</span> 
     </span>
     <span class='ocr_line' id='line_1_15' title="bbox 114 1158 1318 1195; baseline 0.002 -9"><span class='ocrx_word' id='word_1_105' title='bbox 114 1158 152 1193; x_wconf 75' lang='lat' dir='ltr'>v4,</span> <span class='ocrx_word' id='word_1_106' title='bbox 170 1158 197 1187; x_wconf 91' lang='lat'>5.</span> <span class='ocrx_word' id='word_1_107' title='bbox 234 1159 298 1187; x_wconf 77' lang='lat' dir='ltr'>His</span> <span class='ocrx_word' id='word_1_108' title='bbox 319 1159 433 1195; x_wconf 75' lang='lat' dir='ltr'>appeal</span> <span class='ocrx_word' id='word_1_109' title='bbox 456 1162 486 1187; x_wconf 78' lang='lat' dir='ltr'>to</span> <span class='ocrx_word' id='word_1_110' title='bbox 507 1159 554 1188; x_wconf 77' lang='lat' dir='ltr'>the</span> <span class='ocrx_word' id='word_1_111' title='bbox 571 1159 681 1188; x_wconf 74' lang='lat' dir='ltr'>deities</span> <span class='ocrx_word' id='word_1_112' title='bbox 700 1158 736 1195; x_wconf 88' lang='lat' dir='ltr'>of</span> <span class='ocrx_word' id='word_1_113' title='bbox 752 1159 800 1188; x_wconf 78' lang='lat' dir='ltr'>the</span> <span class='ocrx_word' id='word_1_114' title='bbox 824 1159 958 1195; x_wconf 72' lang='lat' dir='ltr'>Capitol.</span> <span class='ocrx_word' id='word_1_115' title='bbox 1002 1159 1029 1188; x_wconf 88' lang='lat'>6.</span> <span class='ocrx_word' id='word_1_116' title='bbox 1054 1159 1089 1188; x_wconf 75' lang='lat' dir='ltr'>Is</span> <span class='ocrx_word' id='word_1_117' title='bbox 1110 1159 1230 1188; x_wconf 81' lang='lat' dir='ltr'>throum</span> <span class='ocrx_word' id='word_1_118' title='bbox 1250 1160 1318 1189; x_wconf 69' lang='lat' dir='ltr'>imo</span> 
     </span>
     <span class='ocr_line' id='line_1_16' title="bbox 120 1207 796 1244; baseline 0.003 -8"><span class='ocrx_word' id='word_1_119' title='bbox 120 1208 245 1244; x_wconf 79' lang='lat' dir='ltr'>prison,</span> <span class='ocrx_word' id='word_1_120' title='bbox 263 1207 316 1237; x_wconf 77' lang='lat' dir='ltr'>but</span> <span class='ocrx_word' id='word_1_121' title='bbox 331 1208 358 1237; x_wconf 87' lang='grc'>8.</span> <span class='ocrx_word' id='word_1_122' title='bbox 379 1209 405 1237; x_wconf 86' lang='lat' dir='ltr'>is</span> <span class='ocrx_word' id='word_1_123' title='bbox 419 1208 636 1244; x_wconf 77' lang='lat' dir='ltr'>subsequently</span> <span class='ocrx_word' id='word_1_124' title='bbox 650 1209 796 1238; x_wconf 69' lang='lat' dir='ltr'>released.</span> 
     </span>
    </p>
   </div>
   <div class='ocr_carea' id='block_1_5' title="bbox 119 1289 1317 2048">
    <p class='ocr_par' dir='ltr' id='par_1_5' title="bbox 119 1289 1317 2048">
     <span class='ocr_line' id='line_1_17' title="bbox 178 1289 1317 1340; baseline 0.003 -13"><span class='ocrx_word' id='word_1_125' title='bbox 178 1289 251 1331; x_wconf 84' lang='lat'><strong>37.</strong></span> <span class='ocrx_word' id='word_1_126' title='bbox 285 1289 348 1327; x_wconf 87' lang='lat' dir='ltr'>Ita</span> <span class='ocrx_word' id='word_1_127' title='bbox 378 1291 575 1340; x_wconf 86' lang='lat' dir='ltr'>suspensis</span> <span class='ocrx_word' id='word_1_128' title='bbox 604 1290 720 1329; x_wconf 91' lang='lat' dir='ltr'>rebus</span> <span class='ocrx_word' id='word_1_129' title='bbox 749 1290 930 1335; x_wconf 87' lang='lat' dir='ltr'>dictator,</span> <span class='ocrx_word' id='word_1_130' title='bbox 961 1291 1107 1329; x_wconf 87' lang='lat' dir='ltr'>accitus</span> <span class='ocrx_word' id='word_1_131' title='bbox 1135 1291 1185 1330; x_wconf 89' lang='lat' dir='ltr'>ab</span> <span class='ocrx_word' id='word_1_132' title='bbox 1211 1304 1317 1330; x_wconf 84' lang='lat' dir='ltr'>exer-</span> 
     </span>
     <span class='ocr_line' id='line_1_18' title="bbox 125 1353 1315 1401; baseline 0.002 -10"><span class='ocrx_word' id='word_1_133' title='bbox 125 1353 217 1401; x_wconf 89' lang='lat' dir='ltr'>citu,</span> <span class='ocrx_word' id='word_1_134' title='bbox 238 1353 279 1390; x_wconf 90' lang='lat' dir='ltr'>in</span> <span class='ocrx_word' id='word_1_135' title='bbox 306 1353 444 1392; x_wconf 89' lang='lat' dir='ltr'>urbem</span> <span class='ocrx_word' id='word_1_136' title='bbox 474 1354 594 1392; x_wconf 79' lang='lat' dir='ltr'>venit.</span> <span class='ocrx_word' id='word_1_137' title='bbox 656 1358 688 1392; x_wconf 78' lang='lat'><strong>2.</strong></span> <span class='ocrx_word' id='word_1_138' title='bbox 722 1354 885 1392; x_wconf 85' lang='lat' dir='ltr'>Postero</span> <span class='ocrx_word' id='word_1_139' title='bbox 913 1354 975 1392; x_wconf 91' lang='lat' dir='ltr'>die</span> <span class='ocrx_word' id='word_1_140' title='bbox 1000 1359 1139 1393; x_wconf 84' lang='lat' dir='ltr'>senatu</span> <span class='ocrx_word' id='word_1_141' title='bbox 1166 1355 1315 1401; x_wconf 88' lang='lat' dir='ltr'>habito,</span> 
     </span>
     <span class='ocr_line' id='line_1_19' title="bbox 125 1416 1317 1469; baseline 0.002 -14"><span class='ocrx_word' id='word_1_142' title='bbox 125 1417 315 1455; x_wconf 88' lang='lat' dir='ltr'>viatorem</span> <span class='ocrx_word' id='word_1_143' title='bbox 340 1418 389 1456; x_wconf 84' lang='lat' dir='ltr'>ad</span> <span class='ocrx_word' id='word_1_144' title='bbox 413 1418 467 1455; x_wconf 87' lang='lat' dir='ltr'>M.</span> <span class='ocrx_word' id='word_1_145' title='bbox 496 1418 689 1455; x_wconf 86' lang='lat' dir='ltr'>Manlium</span> <span class='ocrx_word' id='word_1_146' title='bbox 717 1418 847 1456; x_wconf 87' lang='lat' dir='ltr'>misit:</span> <span class='ocrx_word' id='word_1_147' title='bbox 885 1418 953 1468; x_wconf 88' lang='lat' dir='ltr'>qui</span> <span class='ocrx_word' id='word_1_148' title='bbox 983 1418 1137 1469; x_wconf 82' lang='lat' dir='ltr'>agmine</span> <span class='ocrx_word' id='word_1_149' title='bbox 1165 1416 1317 1469; x_wconf 85' lang='lat' dir='ltr'>ingenti</span> 
     </span>
     <span class='ocr_line' id='line_1_20' title="bbox 124 1481 1315 1533; baseline 0.002 -14"><span class='ocrx_word' id='word_1_150' title='bbox 124 1481 173 1520; x_wconf 91' lang='lat' dir='ltr'>ad</span> <span class='ocrx_word' id='word_1_151' title='bbox 195 1481 368 1520; x_wconf 86' lang='lat' dir='ltr'>tribunal</span> <span class='ocrx_word' id='word_1_152' title='bbox 389 1482 508 1521; x_wconf 88' lang='lat' dir='ltr'>venit.</span> <span class='ocrx_word' id='word_1_153' title='bbox 572 1484 605 1520; x_wconf 88' lang='lat'>3.</span> <span class='ocrx_word' id='word_1_154' title='bbox 637 1482 738 1520; x_wconf 89' lang='lat' dir='ltr'>Tum</span> <span class='ocrx_word' id='word_1_155' title='bbox 761 1481 931 1521; x_wconf 84' lang='lat' dir='ltr'>dictator</span> <span class='ocrx_word' id='word_1_156' title='bbox 951 1496 1040 1520; x_wconf 90' lang='lat' dir='ltr'>eum</span> <span class='ocrx_word' id='word_1_157' title='bbox 1063 1483 1182 1533; x_wconf 88' lang='lat' dir='ltr'>jussit</span> <span class='ocrx_word' id='word_1_158' title='bbox 1202 1483 1315 1521; x_wconf 85' lang='lat' dir='ltr'>fateri</span> 
     </span>
     <span class='ocr_line' id='line_1_21' title="bbox 124 1546 1317 1598; baseline 0.002 -14"><span class='ocrx_word' id='word_1_159' title='bbox 124 1546 274 1584; x_wconf 86' lang='lat' dir='ltr'>facinus</span> <span class='ocrx_word' id='word_1_160' title='bbox 313 1546 518 1584; x_wconf 82' lang='lat' dir='ltr'>seditionis</span> <span class='ocrx_word' id='word_1_161' title='bbox 557 1546 792 1592; x_wconf 76' lang='lat' dir='ltr'>incitandae,</span> <span class='ocrx_word' id='word_1_162' title='bbox 833 1552 882 1593; x_wconf 82' lang='lat' dir='ltr'>et,</span> <span class='ocrx_word' id='word_1_163' title='bbox 920 1560 1041 1597; x_wconf 86' lang='lat' dir='ltr'>quum</span> <span class='ocrx_word' id='word_1_164' title='bbox 1078 1553 1240 1598; x_wconf 79' lang='lat' dir='ltr'>negaret</span> <span class='ocrx_word' id='word_1_165' title='bbox 1276 1560 1317 1586; x_wconf 88' lang='lat' dir='ltr'>se</span> 
     </span>
     <span class='ocr_line' id='line_1_22' title="bbox 124 1610 1317 1657; baseline 0.002 -9"><span class='ocrx_word' id='word_1_166' title='bbox 124 1610 288 1648; x_wconf 82' lang='lat' dir='ltr'>arbitrio</span> <span class='ocrx_word' id='word_1_167' title='bbox 317 1610 564 1649; x_wconf 87' lang='lat' dir='ltr'>inimicorum</span> <span class='ocrx_word' id='word_1_168' title='bbox 594 1610 818 1649; x_wconf 88' lang='lat' dir='ltr'>locuturum</span> <span class='ocrx_word' id='word_1_169' title='bbox 849 1624 942 1657; x_wconf 86' lang='lat' dir='ltr'>esse,</span> <span class='ocrx_word' id='word_1_170' title='bbox 973 1612 1013 1649; x_wconf 90' lang='lat' dir='ltr'>in</span> <span class='ocrx_word' id='word_1_171' title='bbox 1044 1611 1198 1650; x_wconf 82' lang='lat' dir='ltr'>vincula</span> <span class='ocrx_word' id='word_1_172' title='bbox 1227 1611 1317 1650; x_wconf 90' lang='lat' dir='ltr'>duci</span> 
     </span>
     <span class='ocr_line' id='line_1_23' title="bbox 119 1674 1317 1727; baseline 0.003 -15"><span class='ocrx_word' id='word_1_173' title='bbox 119 1674 249 1724; x_wconf 89' lang='lat' dir='ltr'>jussit.</span> <span class='ocrx_word' id='word_1_174' title='bbox 327 1678 360 1712; x_wconf 91' lang='lat'>4.</span> <span class='ocrx_word' id='word_1_175' title='bbox 410 1677 606 1726; x_wconf 87' lang='lat' dir='ltr'>Arreptus</span> <span class='ocrx_word' id='word_1_176' title='bbox 644 1690 666 1714; x_wconf 84' lang='lat' dir='ltr'>a</span> <span class='ocrx_word' id='word_1_177' title='bbox 704 1676 865 1722; x_wconf 84' lang='lat' dir='ltr'>viatore,</span> <span class='ocrx_word' id='word_1_178' title='bbox 913 1681 934 1698; x_wconf 92' lang='lat'>“</span> <span class='ocrx_word' id='word_1_179' title='bbox 950 1676 1111 1727; x_wconf 81' lang='lat' dir='ltr'>Jupiter</span> <span class='ocrx_word' id='word_1_180' title='bbox 1122 1679 1140 1693; x_wconf 86' lang='grc'>”</span> <span class='ocrx_word' id='word_1_181' title='bbox 1187 1676 1317 1727; x_wconf 84' lang='lat' dir='ltr'>inquit</span> 
     </span>
     <span class='ocr_line' id='line_1_24' title="bbox 127 1739 1316 1792; baseline 0.003 -15"><span class='ocrx_word' id='word_1_182' title='bbox 127 1742 147 1760; x_wconf 91' lang='lat'><strong>“</strong></span> <span class='ocrx_word' id='word_1_183' title='bbox 161 1739 309 1790; x_wconf 85' lang='lat' dir='ltr'>optime</span> <span class='ocrx_word' id='word_1_184' title='bbox 322 1740 493 1778; x_wconf 80' lang='lat' dir='ltr'>maxime</span> <span class='ocrx_word' id='word_1_185' title='bbox 505 1740 531 1778; x_wconf 80' lang='lat' dir='ltr'>J</span> <span class='ocrx_word' id='word_1_186' title='bbox 534 1753 692 1791; x_wconf 86' lang='lat' dir='ltr'>unoque</span> <span class='ocrx_word' id='word_1_187' title='bbox 706 1741 857 1792; x_wconf 86' lang='lat' dir='ltr'>Regina</span> <span class='ocrx_word' id='word_1_188' title='bbox 870 1754 912 1779; x_wconf 88' lang='lat' dir='ltr'>ac</span> <span class='ocrx_word' id='word_1_189' title='bbox 926 1740 1107 1780; x_wconf 83' lang='lat' dir='ltr'>Minerva</span> <span class='ocrx_word' id='word_1_190' title='bbox 1120 1741 1316 1792; x_wconf 86' lang='lat' dir='ltr'>ceterique</span> 
     </span>
     <span class='ocr_line' id='line_1_25' title="bbox 123 1803 1317 1856; baseline 0.002 -15"><span class='ocrx_word' id='word_1_191' title='bbox 123 1803 178 1842; x_wconf 92' lang='lat' dir='ltr'>dii</span> <span class='ocrx_word' id='word_1_192' title='bbox 209 1803 394 1855; x_wconf 86' lang='lat' dir='ltr'>deaeque,</span> <span class='ocrx_word' id='word_1_193' title='bbox 426 1805 493 1855; x_wconf 86' lang='lat' dir='ltr'>qui</span> <span class='ocrx_word' id='word_1_194' title='bbox 523 1805 763 1855; x_wconf 85' lang='lat' dir='ltr'>Capitolium</span> <span class='ocrx_word' id='word_1_195' title='bbox 797 1818 1003 1856; x_wconf 85' lang='lat' dir='ltr'>arcemque</span> <span class='ocrx_word' id='word_1_196' title='bbox 1042 1805 1225 1852; x_wconf 87' lang='lat' dir='ltr'>incolitis,</span> <span class='ocrx_word' id='word_1_197' title='bbox 1260 1806 1317 1844; x_wconf 86' lang='lat' dir='ltr'>ita</span> 
     </span>
     <span class='ocr_line' id='line_1_26' title="bbox 122 1868 1316 1919; baseline 0.001 -13"><span class='ocrx_word' id='word_1_198' title='bbox 122 1868 251 1906; x_wconf 89' lang='lat' dir='ltr'>sinitis</span> <span class='ocrx_word' id='word_1_199' title='bbox 272 1875 448 1907; x_wconf 84' lang='lat' dir='ltr'>vestrum</span> <span class='ocrx_word' id='word_1_200' title='bbox 468 1869 633 1907; x_wconf 89' lang='lat' dir='ltr'>militem</span> <span class='ocrx_word' id='word_1_201' title='bbox 656 1883 698 1907; x_wconf 85' lang='lat' dir='ltr'>ac</span> <span class='ocrx_word' id='word_1_202' title='bbox 724 1869 943 1919; x_wconf 81' lang='lat' dir='ltr'>praesidem</span> <span class='ocrx_word' id='word_1_203' title='bbox 964 1869 1097 1907; x_wconf 74' lang='lat' dir='ltr'>vexari</span> <span class='ocrx_word' id='word_1_204' title='bbox 1123 1869 1172 1908; x_wconf 89' lang='lat' dir='ltr'>ab</span> <span class='ocrx_word' id='word_1_205' title='bbox 1192 1869 1316 1907; x_wconf 88' lang='lat' dir='ltr'>inimi-</span> 
     </span>
     <span class='ocr_line' id='line_1_27' title="bbox 122 1932 1316 1983; baseline 0 -12"><span class='ocrx_word' id='word_1_206' title='bbox 122 1932 200 1971; x_wconf 63' lang='lat' dir='ltr'>cis?</span> <span class='ocrx_word' id='word_1_207' title='bbox 267 1935 301 1971; x_wconf 85' lang='lat'><strong>5.</strong></span> <span class='ocrx_word' id='word_1_208' title='bbox 339 1932 446 1971; x_wconf 85' lang='lat' dir='ltr'>Haec</span> <span class='ocrx_word' id='word_1_209' title='bbox 484 1933 635 1981; x_wconf 83' lang='lat' dir='ltr'>dextra,</span> <span class='ocrx_word' id='word_1_210' title='bbox 672 1947 750 1983; x_wconf 87' lang='lat' dir='ltr'>qua</span> <span class='ocrx_word' id='word_1_211' title='bbox 787 1933 922 1972; x_wconf 86' lang='lat' dir='ltr'>Gallos</span> <span class='ocrx_word' id='word_1_212' title='bbox 961 1933 1046 1972; x_wconf 84' lang='lat' dir='ltr'>fudi</span> <span class='ocrx_word' id='word_1_213' title='bbox 1084 1946 1106 1971; x_wconf 87' lang='lat' dir='ltr'>a</span> <span class='ocrx_word' id='word_1_214' title='bbox 1143 1933 1316 1972; x_wconf 85' lang='lat' dir='ltr'>delubris</span> 
     </span>
     <span class='ocr_line' id='line_1_28' title="bbox 122 1997 1316 2048; baseline 0.002 -14"><span class='ocrx_word' id='word_1_215' title='bbox 122 1997 274 2042; x_wconf 84' lang='lat' dir='ltr'>vestris,</span> <span class='ocrx_word' id='word_1_216' title='bbox 295 1997 375 2047; x_wconf 86' lang='lat' dir='ltr'>jam</span> <span class='ocrx_word' id='word_1_217' title='bbox 397 1997 437 2034; x_wconf 86' lang='lat' dir='ltr'>iu</span> <span class='ocrx_word' id='word_1_218' title='bbox 459 1997 624 2035; x_wconf 90' lang='lat' dir='ltr'>vinculis</span> <span class='ocrx_word' id='word_1_219' title='bbox 644 2006 684 2036; x_wconf 88' lang='lat' dir='ltr'>et</span> <span class='ocrx_word' id='word_1_220' title='bbox 704 1998 852 2036; x_wconf 86' lang='lat' dir='ltr'>catenis</span> <span class='ocrx_word' id='word_1_221' title='bbox 873 1997 1002 2036; x_wconf 73' lang='lat' dir='ltr'>e1·it‘e&#39;’</span> <span class='ocrx_word' id='word_1_222' title='bbox 1059 1999 1092 2036; x_wconf 89' lang='lat'><strong>6.</strong></span> <span class='ocrx_word' id='word_1_223' title='bbox 1125 1997 1316 2048; x_wconf 85' lang='lat' dir='ltr'>Conjecto</span> 
     </span>
    </p>
   </div>
  </div>
 </body>
</html>
