<?xml version="1.0" encoding="UTF-8"?>
<!DOCTYPE html PUBLIC "-//W3C//DTD XHTML 1.0 Transitional//EN"
    "http://www.w3.org/TR/xhtml1/DTD/xhtml1-transitional.dtd">
<html xmlns="http://www.w3.org/1999/xhtml" xml:lang="en" lang="en">
 <head>
  <title>
</title>
<meta http-equiv="Content-Type" content="text/html;charset=utf-8" />
  <meta name='ocr-system' content='tesseract 3.04.00' />
  <meta name='ocr-capabilities' content='ocr_page ocr_carea ocr_par ocr_line ocrx_word'/>
</head>
<body>
  <div class='ocr_page' id='page_1' title='image "./selectionsbooksv00livyuoft_0026.png"; bbox 0 0 1438 2268; ppageno 0'>
   <div class='ocr_carea' id='block_1_1' title="bbox 83 148 974 190">
    <p class='ocr_par' dir='ltr' id='par_1_1' title="bbox 83 148 974 190">
     <span class='ocr_line' id='line_1_1' title="bbox 83 148 974 190; baseline -0.008 0"><span class='ocrx_word' id='word_1_1' title='bbox 83 150 131 190; x_wconf 89' lang='grc'>10</span> <span class='ocrx_word' id='word_1_2' title='bbox 370 148 655 184; x_wconf 77' lang='lat' dir='ltr'>SELECTIONS</span> <span class='ocrx_word' id='word_1_3' title='bbox 686 149 816 183; x_wconf 76' lang='lat' dir='ltr'>FRoM</span> <span class='ocrx_word' id='word_1_4' title='bbox 847 149 974 183; x_wconf 84' lang='lat' dir='ltr'>LIVY.</span> 
     </span>
    </p>
   </div>
   <div class='ocr_carea' id='block_1_2' title="bbox 79 256 1267 488">
    <p class='ocr_par' dir='ltr' id='par_1_2' title="bbox 79 256 1267 488">
     <span class='ocr_line' id='line_1_2' title="bbox 80 256 1266 309; baseline -0.001 -14"><span class='ocrx_word' id='word_1_5' title='bbox 80 271 144 296; x_wconf 83' lang='lat' dir='ltr'>eos</span> <span class='ocrx_word' id='word_1_6' title='bbox 157 258 259 297; x_wconf 90' lang='lat' dir='ltr'>bello</span> <span class='ocrx_word' id='word_1_7' title='bbox 272 271 438 309; x_wconf 85' lang='lat' dir='ltr'>quoque,</span> <span class='ocrx_word' id='word_1_8' title='bbox 456 258 488 295; x_wconf 92' lang='lat' dir='ltr'>si</span> <span class='ocrx_word' id='word_1_9' title='bbox 504 271 565 296; x_wconf 89' lang='lat' dir='ltr'>res</span> <span class='ocrx_word' id='word_1_10' title='bbox 581 262 704 308; x_wconf 87' lang='lat' dir='ltr'>cogat,</span> <span class='ocrx_word' id='word_1_11' title='bbox 721 256 890 296; x_wconf 89' lang='lat' dir='ltr'>tuendos</span> <span class='ocrx_word' id='word_1_12' title='bbox 905 270 988 295; x_wconf 86' lang='lat' dir='ltr'>esse</span> <span class='ocrx_word' id='word_1_13' title='bbox 1006 272 1014 295; x_wconf 75' lang='grc' dir='ltr'>ε</span> <span class='ocrx_word' id='word_1_14' title='bbox 1043 256 1111 295; x_wconf 89' lang='lat' dir='ltr'>sed</span> <span class='ocrx_word' id='word_1_15' title='bbox 1127 256 1266 294; x_wconf 83' lang='lat' dir='ltr'>melius</span> 
     </span>
     <span class='ocr_line' id='line_1_3' title="bbox 81 321 1267 371; baseline -0.002 -11"><span class='ocrx_word' id='word_1_16' title='bbox 81 322 208 360; x_wconf 90' lang='lat' dir='ltr'>visum</span> <span class='ocrx_word' id='word_1_17' title='bbox 246 335 338 369; x_wconf 89' lang='lat' dir='ltr'>esse,</span> <span class='ocrx_word' id='word_1_18' title='bbox 378 321 528 360; x_wconf 91' lang='lat' dir='ltr'>bellum</span> <span class='ocrx_word' id='word_1_19' title='bbox 564 322 693 371; x_wconf 88' lang='lat' dir='ltr'>ipsum</span> <span class='ocrx_word' id='word_1_20' title='bbox 732 321 914 367; x_wconf 89' lang='lat' dir='ltr'>amoveri,</span> <span class='ocrx_word' id='word_1_21' title='bbox 954 321 987 359; x_wconf 91' lang='lat' dir='ltr'>si</span> <span class='ocrx_word' id='word_1_22' title='bbox 1023 325 1182 371; x_wconf 79' lang='lat' dir='ltr'>posset3</span> <span class='ocrx_word' id='word_1_23' title='bbox 1227 325 1267 358; x_wconf 85' lang='lat' dir='ltr'>et</span> 
     </span>
     <span class='ocr_line' id='line_1_4' title="bbox 79 384 1266 436; baseline -0.002 -12"><span class='ocrx_word' id='word_1_24' title='bbox 79 385 224 433; x_wconf 84' lang='lat' dir='ltr'>Gallos,</span> <span class='ocrx_word' id='word_1_25' title='bbox 258 399 402 425; x_wconf 87' lang='lat' dir='ltr'>novam</span> <span class='ocrx_word' id='word_1_26' title='bbox 435 391 605 436; x_wconf 81' lang='lat' dir='ltr'>gentem,</span> <span class='ocrx_word' id='word_1_27' title='bbox 639 398 732 436; x_wconf 85' lang='lat' dir='ltr'>paee</span> <span class='ocrx_word' id='word_1_28' title='bbox 765 385 898 436; x_wconf 90' lang='lat' dir='ltr'>potius</span> <span class='ocrx_word' id='word_1_29' title='bbox 930 384 1118 436; x_wconf 86' lang='lat' dir='ltr'>cognosci,</span> <span class='ocrx_word' id='word_1_30' title='bbox 1149 397 1266 435; x_wconf 90' lang='lat' dir='ltr'>quam</span> 
     </span>
     <span class='ocr_line' id='line_1_5' title="bbox 79 463 206 488; baseline 0.008 -1"><span class='ocrx_word' id='word_1_31' title='bbox 79 463 206 488; x_wconf 82' lang='lat' dir='ltr'>armls.</span> 
     </span>
    </p>
   </div>
   <div class='ocr_carea' id='block_1_3' title="bbox 74 563 1268 651">
    <p class='ocr_par' dir='ltr' id='par_1_3' title="bbox 74 563 1268 651">
     <span class='ocr_line' id='line_1_6' title="bbox 118 563 1268 600; baseline -0.002 -7"><span class='ocrx_word' id='word_1_32' title='bbox 118 564 176 594; x_wconf 88' lang='grc'>2-6.</span> <span class='ocrx_word' id='word_1_33' title='bbox 205 565 269 594; x_wconf 81' lang='lat' dir='ltr'>lec</span> <span class='ocrx_word' id='word_1_34' title='bbox 296 574 418 594; x_wconf 81' lang='lat' dir='ltr'>answer</span> <span class='ocrx_word' id='word_1_35' title='bbox 445 563 482 600; x_wconf 85' lang='lat' dir='ltr'>of</span> <span class='ocrx_word' id='word_1_36' title='bbox 504 564 553 594; x_wconf 76' lang='lat' dir='ltr'>the</span> <span class='ocrx_word' id='word_1_37' title='bbox 582 564 703 594; x_wconf 76' lang='lat' dir='ltr'>Gauls:</span> <span class='ocrx_word' id='word_1_38' title='bbox 738 564 807 600; x_wconf 78' lang='lat' dir='ltr'>they</span> <span class='ocrx_word' id='word_1_39' title='bbox 834 572 910 593; x_wconf 83' lang='lat' dir='ltr'><strong><em>were</em></strong></span> <span class='ocrx_word' id='word_1_40' title='bbox 937 564 1059 599; x_wconf 70' lang='lat' dir='ltr'>willinq</span> <span class='ocrx_word' id='word_1_41' title='bbox 1086 567 1115 592; x_wconf 86' lang='lat' dir='ltr'>to</span> <span class='ocrx_word' id='word_1_42' title='bbox 1142 563 1268 592; x_wconf 75' lang='lat' dir='ltr'>abstain</span> 
     </span>
     <span class='ocr_line' id='line_1_7' title="bbox 74 613 1268 651; baseline -0.001 -8"><span class='ocrx_word' id='word_1_43' title='bbox 74 613 160 650; x_wconf 86' lang='lat' dir='ltr'>from</span> <span class='ocrx_word' id='word_1_44' title='bbox 181 624 267 644; x_wconf 86' lang='lat' dir='ltr'>arms</span> <span class='ocrx_word' id='word_1_45' title='bbox 288 614 321 651; x_wconf 83' lang='lat' dir='ltr'>if</span> <span class='ocrx_word' id='word_1_46' title='bbox 337 615 386 644; x_wconf 78' lang='lat' dir='ltr'>the</span> <span class='ocrx_word' id='word_1_47' title='bbox 409 614 559 644; x_wconf 78' lang='lat' dir='ltr'>Clusians</span> <span class='ocrx_word' id='word_1_48' title='bbox 577 622 653 650; x_wconf 63' lang='grc' dir='ltr'>φατε</span> <span class='ocrx_word' id='word_1_49' title='bbox 673 614 752 643; x_wconf 79' lang='lat' dir='ltr'>them</span> <span class='ocrx_word' id='word_1_50' title='bbox 774 613 874 643; x_wconf 80' lang='lat' dir='ltr'>land:</span> <span class='ocrx_word' id='word_1_51' title='bbox 896 614 1055 643; x_wconf 78' lang='lat' dir='ltr'><em>otherwise</em></span> <span class='ocrx_word' id='word_1_52' title='bbox 1076 614 1145 649; x_wconf 74' lang='lat' dir='ltr'>they</span> <span class='ocrx_word' id='word_1_53' title='bbox 1166 613 1268 642; x_wconf 83' lang='lat' dir='ltr'><em>would</em></span> 
     </span>
    </p>
   </div>
   <div class='ocr_carea' id='block_1_4' title="bbox 73 663 1268 1684">
    <p class='ocr_par' dir='ltr' id='par_1_4' title="bbox 73 663 267 700">
     <span class='ocr_line' id='line_1_8' title="bbox 73 663 267 700; baseline 0 -7"><span class='ocrx_word' id='word_1_54' title='bbox 73 664 153 700; x_wconf 72' lang='lat' dir='ltr'>ftylzt</span> <span class='ocrx_word' id='word_1_55' title='bbox 163 663 220 700; x_wconf 86' lang='lat' dir='ltr'>for</span> <span class='ocrx_word' id='word_1_56' title='bbox 234 665 267 693; x_wconf 73' lang='lat' dir='ltr'>ic.</span> 
     </span>
    </p>

    <p class='ocr_par' dir='ltr' id='par_1_5' title="bbox 73 733 1268 1684">
     <span class='ocr_line' id='line_1_9' title="bbox 133 733 1267 786; baseline -0.002 -13"><span class='ocrx_word' id='word_1_57' title='bbox 133 735 201 777; x_wconf 87' lang='lat'>13.</span> <span class='ocrx_word' id='word_1_58' title='bbox 234 735 347 773; x_wconf 86' lang='lat' dir='ltr'>Mitis</span> <span class='ocrx_word' id='word_1_59' title='bbox 367 735 522 786; x_wconf 84' lang='lat' dir='ltr'>legatio,</span> <span class='ocrx_word' id='word_1_60' title='bbox 544 734 584 773; x_wconf 91' lang='lat' dir='ltr'>ni</span> <span class='ocrx_word' id='word_1_61' title='bbox 614 734 856 785; x_wconf 81' lang='lat' dir='ltr'>praeferoces</span> <span class='ocrx_word' id='word_1_62' title='bbox 881 734 1041 784; x_wconf 84' lang='lat' dir='ltr'>legatos,</span> <span class='ocrx_word' id='word_1_63' title='bbox 1065 733 1267 784; x_wconf 86' lang='lat' dir='ltr'>Gallisque</span> 
     </span>
     <span class='ocr_line' id='line_1_10' title="bbox 77 798 1264 850; baseline -0.002 -13"><span class='ocrx_word' id='word_1_64' title='bbox 77 801 201 850; x_wconf 83' lang='lat' dir='ltr'>magis</span> <span class='ocrx_word' id='word_1_65' title='bbox 227 813 345 850; x_wconf 86' lang='lat' dir='ltr'>quam</span> <span class='ocrx_word' id='word_1_66' title='bbox 372 799 560 837; x_wconf 83' lang='lat' dir='ltr'>Romanis</span> <span class='ocrx_word' id='word_1_67' title='bbox 589 799 745 845; x_wconf 86' lang='lat' dir='ltr'>similes,</span> <span class='ocrx_word' id='word_1_68' title='bbox 767 798 978 836; x_wconf 83' lang='lat' dir='ltr'>habuisset.</span> <span class='ocrx_word' id='word_1_69' title='bbox 1040 800 1070 835; x_wconf 83' lang='lat'>2.</span> <span class='ocrx_word' id='word_1_70' title='bbox 1105 798 1264 845; x_wconf 86' lang='lat' dir='ltr'>Quibus,</span> 
     </span>
     <span class='ocr_line' id='line_1_11' title="bbox 77 861 1265 914; baseline -0.003 -12"><span class='ocrx_word' id='word_1_71' title='bbox 77 869 286 914; x_wconf 78' lang='lat' dir='ltr'>postquam</span> <span class='ocrx_word' id='word_1_72' title='bbox 316 863 504 901; x_wconf 85' lang='lat' dir='ltr'>mandata</span> <span class='ocrx_word' id='word_1_73' title='bbox 533 862 744 902; x_wconf 86' lang='lat' dir='ltr'>ediderunt</span> <span class='ocrx_word' id='word_1_74' title='bbox 777 863 818 900; x_wconf 91' lang='lat' dir='ltr'>in</span> <span class='ocrx_word' id='word_1_75' title='bbox 852 862 1016 900; x_wconf 88' lang='lat' dir='ltr'>concilio</span> <span class='ocrx_word' id='word_1_76' title='bbox 1049 861 1265 908; x_wconf 84' lang='lat' dir='ltr'>Gallorum,</span> 
     </span>
     <span class='ocr_line' id='line_1_12' title="bbox 78 926 1268 978; baseline -0.002 -12"><span class='ocrx_word' id='word_1_77' title='bbox 78 927 196 966; x_wconf 83' lang='lat' dir='ltr'>dat-ur</span> <span class='ocrx_word' id='word_1_78' title='bbox 211 929 284 966; x_wconf 87' lang='lat' dir='ltr'>hoc</span> <span class='ocrx_word' id='word_1_79' title='bbox 300 940 540 978; x_wconf 86' lang='lat' dir='ltr'>responsum.</span> <span class='ocrx_word' id='word_1_80' title='bbox 593 929 624 964; x_wconf 88' lang='grc'>3.</span> <span class='ocrx_word' id='word_1_81' title='bbox 652 927 766 965; x_wconf 85' lang='lat' dir='ltr'>“Etsi</span> <span class='ocrx_word' id='word_1_82' title='bbox 783 940 929 965; x_wconf 91' lang='lat' dir='ltr'>novum</span> <span class='ocrx_word' id='word_1_83' title='bbox 946 939 1087 964; x_wconf 88' lang='lat' dir='ltr'>nomen</span> <span class='ocrx_word' id='word_1_84' title='bbox 1104 926 1268 964; x_wconf 86' lang='lat' dir='ltr'>audiant</span> 
     </span>
     <span class='ocr_line' id='line_1_13' title="bbox 78 990 1267 1041; baseline -0.002 -10"><span class='ocrx_word' id='word_1_85' title='bbox 78 992 357 1039; x_wconf 85' lang='lat' dir='ltr'>Romanorum,</span> <span class='ocrx_word' id='word_1_86' title='bbox 380 997 512 1030; x_wconf 89' lang='lat' dir='ltr'>tamen</span> <span class='ocrx_word' id='word_1_87' title='bbox 540 990 695 1029; x_wconf 83' lang='lat' dir='ltr'>credere</span> <span class='ocrx_word' id='word_1_88' title='bbox 715 991 818 1029; x_wconf 86' lang='lat' dir='ltr'>viros</span> <span class='ocrx_word' id='word_1_89' title='bbox 842 991 963 1029; x_wconf 86' lang='lat' dir='ltr'>fortes</span> <span class='ocrx_word' id='word_1_90' title='bbox 985 1004 1078 1038; x_wconf 88' lang='lat' dir='ltr'>esse,</span> <span class='ocrx_word' id='word_1_91' title='bbox 1101 1004 1267 1041; x_wconf 89' lang='lat' dir='ltr'>quorum</span> 
     </span>
     <span class='ocr_line' id='line_1_14' title="bbox 77 1055 1264 1106; baseline -0.002 -11"><span class='ocrx_word' id='word_1_92' title='bbox 77 1057 269 1095; x_wconf 85' lang='lat' dir='ltr'>auxilium</span> <span class='ocrx_word' id='word_1_93' title='bbox 301 1071 323 1095; x_wconf 89' lang='lat' dir='ltr'>a</span> <span class='ocrx_word' id='word_1_94' title='bbox 356 1056 539 1102; x_wconf 84' lang='lat' dir='ltr'>Clusinis,</span> <span class='ocrx_word' id='word_1_95' title='bbox 573 1056 614 1093; x_wconf 89' lang='lat' dir='ltr'>in</span> <span class='ocrx_word' id='word_1_96' title='bbox 647 1069 688 1093; x_wconf 85' lang='lat' dir='ltr'>re</span> <span class='ocrx_word' id='word_1_97' title='bbox 723 1055 888 1105; x_wconf 86' lang='lat' dir='ltr'>trepida,</span> <span class='ocrx_word' id='word_1_98' title='bbox 918 1056 970 1093; x_wconf 91' lang='lat' dir='ltr'>sit</span> <span class='ocrx_word' id='word_1_99' title='bbox 1002 1055 1264 1106; x_wconf 87' lang='lat' dir='ltr'>imploratum.</span> 
     </span>
     <span class='ocr_line' id='line_1_15' title="bbox 78 1119 1266 1171; baseline -0.002 -11"><span class='ocrx_word' id='word_1_100' title='bbox 78 1124 110 1160; x_wconf 88' lang='lat'>4.</span> <span class='ocrx_word' id='word_1_101' title='bbox 134 1122 198 1168; x_wconf 88' lang='lat' dir='ltr'>Et,</span> <span class='ocrx_word' id='word_1_102' title='bbox 219 1121 404 1171; x_wconf 87' lang='lat' dir='ltr'>quoniam</span> <span class='ocrx_word' id='word_1_103' title='bbox 424 1120 618 1171; x_wconf 80' lang='lat' dir='ltr'>legatione</span> <span class='ocrx_word' id='word_1_104' title='bbox 639 1119 826 1158; x_wconf 87' lang='lat' dir='ltr'>adversus</span> <span class='ocrx_word' id='word_1_105' title='bbox 846 1132 886 1158; x_wconf 88' lang='lat' dir='ltr'>se</span> <span class='ocrx_word' id='word_1_106' title='bbox 905 1119 1126 1167; x_wconf 77' lang='lat' dir='ltr'>maluerint,</span> <span class='ocrx_word' id='word_1_107' title='bbox 1149 1133 1266 1170; x_wconf 89' lang='lat' dir='ltr'>quam</span> 
     </span>
     <span class='ocr_line' id='line_1_16' title="bbox 77 1183 1266 1234; baseline -0.003 -10"><span class='ocrx_word' id='word_1_108' title='bbox 77 1186 205 1231; x_wconf 88' lang='lat' dir='ltr'>armis,</span> <span class='ocrx_word' id='word_1_109' title='bbox 239 1185 340 1223; x_wconf 89' lang='lat' dir='ltr'>tueri</span> <span class='ocrx_word' id='word_1_110' title='bbox 372 1185 506 1231; x_wconf 49' lang='lat' dir='ltr'>socios</span> <span class='ocrx_word' id='word_1_111' title='bbox 540 1198 588 1222; x_wconf 92' lang='lat' dir='ltr'>ne</span> <span class='ocrx_word' id='word_1_112' title='bbox 619 1197 659 1222; x_wconf 90' lang='lat' dir='ltr'>se</span> <span class='ocrx_word' id='word_1_113' title='bbox 690 1183 849 1234; x_wconf 85' lang='lat' dir='ltr'>quidem</span> <span class='ocrx_word' id='word_1_114' title='bbox 880 1197 1027 1234; x_wconf 88' lang='lat' dir='ltr'>pacem,</span> <span class='ocrx_word' id='word_1_115' title='bbox 1061 1197 1178 1234; x_wconf 87' lang='lat' dir='ltr'>quam</span> <span class='ocrx_word' id='word_1_116' title='bbox 1209 1183 1266 1222; x_wconf 91' lang='lat' dir='ltr'>illi</span> 
     </span>
     <span class='ocr_line' id='line_1_17' title="bbox 77 1248 1266 1300; baseline -0.003 -11"><span class='ocrx_word' id='word_1_117' title='bbox 77 1251 251 1297; x_wconf 83' lang='lat' dir='ltr'>afferant,</span> <span class='ocrx_word' id='word_1_118' title='bbox 288 1249 499 1300; x_wconf 87' lang='lat' dir='ltr'>aspernari,</span> <span class='ocrx_word' id='word_1_119' title='bbox 535 1248 566 1286; x_wconf 88' lang='lat' dir='ltr'>si</span> <span class='ocrx_word' id='word_1_120' title='bbox 600 1248 738 1295; x_wconf 85' lang='lat' dir='ltr'>Gallis,</span> <span class='ocrx_word' id='word_1_121' title='bbox 773 1248 978 1298; x_wconf 82' lang='lat' dir='ltr'>egentibus</span> <span class='ocrx_word' id='word_1_122' title='bbox 1011 1261 1115 1298; x_wconf 85' lang='lat' dir='ltr'>agro,</span> <span class='ocrx_word' id='word_1_123' title='bbox 1150 1261 1266 1299; x_wconf 86' lang='lat' dir='ltr'>quem</span> 
     </span>
     <span class='ocr_line' id='line_1_18' title="bbox 76 1312 1265 1365; baseline -0.003 -11"><span class='ocrx_word' id='word_1_124' title='bbox 76 1315 193 1354; x_wconf 87' lang='lat' dir='ltr'>latius</span> <span class='ocrx_word' id='word_1_125' title='bbox 212 1314 440 1365; x_wconf 74' lang='lat' dir='ltr'>possideant</span> <span class='ocrx_word' id='word_1_126' title='bbox 463 1327 581 1363; x_wconf 85' lang='lat' dir='ltr'>quam</span> <span class='ocrx_word' id='word_1_127' title='bbox 605 1312 737 1351; x_wconf 82' lang='lat' dir='ltr'>colant</span> <span class='ocrx_word' id='word_1_128' title='bbox 760 1312 923 1360; x_wconf 86' lang='lat' dir='ltr'>Clusini,</span> <span class='ocrx_word' id='word_1_129' title='bbox 946 1318 1098 1363; x_wconf 88' lang='lat' dir='ltr'>partem</span> <span class='ocrx_word' id='word_1_130' title='bbox 1127 1313 1265 1351; x_wconf 88' lang='lat' dir='ltr'>finium</span> 
     </span>
     <span class='ocr_line' id='line_1_19' title="bbox 76 1377 1262 1428; baseline -0.002 -10"><span class='ocrx_word' id='word_1_131' title='bbox 76 1379 302 1418; x_wconf 87' lang='lat' dir='ltr'>concedant.</span> <span class='ocrx_word' id='word_1_132' title='bbox 376 1381 410 1416; x_wconf 86' lang='lat'>5.</span> <span class='ocrx_word' id='word_1_133' title='bbox 442 1377 572 1416; x_wconf 87' lang='lat' dir='ltr'>Aliter</span> <span class='ocrx_word' id='word_1_134' title='bbox 609 1391 743 1428; x_wconf 81' lang='lat' dir='ltr'>pacem</span> <span class='ocrx_word' id='word_1_135' title='bbox 782 1377 986 1427; x_wconf 81' lang='lat' dir='ltr'>impetrari</span> <span class='ocrx_word' id='word_1_136' title='bbox 1022 1390 1101 1415; x_wconf 92' lang='lat' dir='ltr'>non</span> <span class='ocrx_word' id='word_1_137' title='bbox 1139 1390 1262 1428; x_wconf 88' lang='lat' dir='ltr'>posse.</span> 
     </span>
     <span class='ocr_line' id='line_1_20' title="bbox 77 1441 1266 1494; baseline -0.003 -11"><span class='ocrx_word' id='word_1_138' title='bbox 77 1446 110 1483; x_wconf 89' lang='lat'>6.</span> <span class='ocrx_word' id='word_1_139' title='bbox 144 1444 196 1482; x_wconf 92' lang='lat' dir='ltr'>Et</span> <span class='ocrx_word' id='word_1_140' title='bbox 228 1456 458 1494; x_wconf 87' lang='lat' dir='ltr'>responsum</span> <span class='ocrx_word' id='word_1_141' title='bbox 488 1455 617 1481; x_wconf 90' lang='lat' dir='ltr'>coram</span> <span class='ocrx_word' id='word_1_142' title='bbox 652 1442 841 1480; x_wconf 80' lang='lat' dir='ltr'>Romanis</span> <span class='ocrx_word' id='word_1_143' title='bbox 870 1454 910 1479; x_wconf 88' lang='lat' dir='ltr'>se</span> <span class='ocrx_word' id='word_1_144' title='bbox 939 1442 1112 1491; x_wconf 84' lang='lat' dir='ltr'>accipere</span> <span class='ocrx_word' id='word_1_145' title='bbox 1139 1441 1266 1489; x_wconf 82' lang='lat' dir='ltr'>velle3</span> 
     </span>
     <span class='ocr_line' id='line_1_21' title="bbox 75 1504 1263 1558; baseline -0.003 -12"><span class='ocrx_word' id='word_1_146' title='bbox 75 1513 126 1555; x_wconf 87' lang='lat' dir='ltr'>et,</span> <span class='ocrx_word' id='word_1_147' title='bbox 143 1508 174 1546; x_wconf 91' lang='lat' dir='ltr'>si</span> <span class='ocrx_word' id='word_1_148' title='bbox 192 1512 358 1558; x_wconf 85' lang='lat' dir='ltr'>negetur</span> <span class='ocrx_word' id='word_1_149' title='bbox 373 1519 475 1557; x_wconf 84' lang='lat' dir='ltr'>ager,</span> <span class='ocrx_word' id='word_1_150' title='bbox 494 1519 623 1544; x_wconf 89' lang='lat' dir='ltr'>coram</span> <span class='ocrx_word' id='word_1_151' title='bbox 638 1505 779 1543; x_wconf 87' lang='lat' dir='ltr'>iisdem</span> <span class='ocrx_word' id='word_1_152' title='bbox 797 1504 982 1542; x_wconf 85' lang='lat' dir='ltr'>Romanis</span> <span class='ocrx_word' id='word_1_153' title='bbox 999 1504 1263 1552; x_wconf 88' lang='lat' dir='ltr'>dimicaturos,</span> 
     </span>
     <span class='ocr_line' id='line_1_22' title="bbox 74 1567 1264 1620; baseline -0.003 -10"><span class='ocrx_word' id='word_1_154' title='bbox 74 1577 119 1610; x_wconf 88' lang='lat' dir='ltr'>ut</span> <span class='ocrx_word' id='word_1_155' title='bbox 152 1571 336 1609; x_wconf 82' lang='lat' dir='ltr'>nuntiare</span> <span class='ocrx_word' id='word_1_156' title='bbox 370 1570 530 1608; x_wconf 88' lang='lat' dir='ltr'>domum</span> <span class='ocrx_word' id='word_1_157' title='bbox 564 1569 726 1620; x_wconf 87' lang='lat' dir='ltr'>possint,</span> <span class='ocrx_word' id='word_1_158' title='bbox 759 1573 952 1619; x_wconf 88' lang='lat' dir='ltr'>quantum</span> <span class='ocrx_word' id='word_1_159' title='bbox 979 1567 1084 1606; x_wconf 83' lang='lat' dir='ltr'>Galli</span> <span class='ocrx_word' id='word_1_160' title='bbox 1118 1569 1264 1606; x_wconf 84' lang='lat' dir='ltr'>virtute</span> 
     </span>
     <span class='ocr_line' id='line_1_23' title="bbox 73 1632 728 1684; baseline -0.008 -9"><span class='ocrx_word' id='word_1_161' title='bbox 73 1642 222 1675; x_wconf 87' lang='lat' dir='ltr'>ceteros</span> <span class='ocrx_word' id='word_1_162' title='bbox 241 1634 426 1673; x_wconf 84' lang='lat' dir='ltr'>mortales</span> <span class='ocrx_word' id='word_1_163' title='bbox 448 1639 701 1684; x_wconf 81' lang='lat' dir='ltr'>praestarent.</span> <span class='ocrx_word' id='word_1_164' title='bbox 710 1632 728 1648; x_wconf 90' lang='lat'>’&#39;</span> 
     </span>
    </p>
   </div>
   <div class='ocr_carea' id='block_1_5' title="bbox 71 1753 1265 1893">
    <p class='ocr_par' dir='ltr' id='par_1_6' title="bbox 71 1753 1265 1893">
     <span class='ocr_line' id='line_1_24' title="bbox 111 1753 1265 1789; baseline -0.003 -4"><span class='ocrx_word' id='word_1_165' title='bbox 111 1757 137 1785; x_wconf 86' lang='lat'>1.</span> <span class='ocrx_word' id='word_1_166' title='bbox 166 1757 229 1785; x_wconf 76' lang='lat' dir='ltr'>The</span> <span class='ocrx_word' id='word_1_167' title='bbox 243 1756 382 1785; x_wconf 79' lang='lat' dir='ltr'>Romans</span> <span class='ocrx_word' id='word_1_168' title='bbox 397 1757 503 1789; x_wconf 72' lang='lat' dir='ltr'>retort,</span> <span class='ocrx_word' id='word_1_169' title='bbox 521 1754 596 1789; x_wconf 78' lang='lat' dir='ltr'>and,</span> <span class='ocrx_word' id='word_1_170' title='bbox 619 1753 646 1782; x_wconf 81' lang='lat'>2.</span> <span class='ocrx_word' id='word_1_171' title='bbox 668 1753 733 1782; x_wconf 77' lang='lat' dir='ltr'>both</span> <span class='ocrx_word' id='word_1_172' title='bbox 751 1753 833 1782; x_wconf 74' lang='lat' dir='ltr'>sides</span> <span class='ocrx_word' id='word_1_173' title='bbox 848 1753 922 1782; x_wconf 74' lang='lat' dir='ltr'>ruslz</span> <span class='ocrx_word' id='word_1_174' title='bbox 938 1756 967 1782; x_wconf 82' lang='lat' dir='ltr'>to</span> <span class='ocrx_word' id='word_1_175' title='bbox 981 1762 1078 1781; x_wconf 82' lang='lat' dir='ltr'>arms.</span> <span class='ocrx_word' id='word_1_176' title='bbox 1122 1753 1181 1782; x_wconf 82' lang='lat'><strong>3-6.</strong></span> <span class='ocrx_word' id='word_1_177' title='bbox 1204 1753 1265 1782; x_wconf 76' lang='lat' dir='ltr'>lee</span> 
     </span>
     <span class='ocr_line' id='line_1_25' title="bbox 71 1801 1251 1842; baseline -0.003 -7"><span class='ocrx_word' id='word_1_178' title='bbox 71 1807 195 1836; x_wconf 83' lang='lat' dir='ltr'>Roman</span> <span class='ocrx_word' id='word_1_179' title='bbox 211 1815 322 1842; x_wconf 65' lang='lat' dir='ltr'>emvoys</span> <span class='ocrx_word' id='word_1_180' title='bbox 337 1805 405 1834; x_wconf 73' lang='lat' dir='ltr'>take</span> <span class='ocrx_word' id='word_1_181' title='bbox 417 1808 495 1841; x_wconf 76' lang='lat' dir='ltr'>part</span> <span class='ocrx_word' id='word_1_182' title='bbox 516 1805 547 1833; x_wconf 79' lang='lat' dir='ltr'>in</span> <span class='ocrx_word' id='word_1_183' title='bbox 569 1805 618 1833; x_wconf 67' lang='lat' dir='ltr'>tlte</span> <span class='ocrx_word' id='word_1_184' title='bbox 633 1804 721 1840; x_wconf 65' lang='lat' dir='ltr'>fiam,</span> <span class='ocrx_word' id='word_1_185' title='bbox 740 1807 892 1839; x_wconf 66' lang='lat' dir='ltr'>contrat-gs</span> <span class='ocrx_word' id='word_1_186' title='bbox 908 1806 937 1832; x_wconf 74' lang='lat' dir='ltr'>to</span> <span class='ocrx_word' id='word_1_187' title='bbox 951 1803 1000 1832; x_wconf 72' lang='grc' dir='ltr'>ἰΙιε</span> <span class='ocrx_word' id='word_1_188' title='bbox 1019 1801 1087 1839; x_wconf 73' lang='lat' dir='ltr'>‘jus</span> <span class='ocrx_word' id='word_1_189' title='bbox 1101 1804 1251 1839; x_wconf 64' lang='lat' dir='ltr'>[lentium.</span> 
     </span>
     <span class='ocr_line' id='line_1_26' title="bbox 71 1853 867 1893; baseline -0.006 -7"><span class='ocrx_word' id='word_1_190' title='bbox 71 1857 98 1886; x_wconf 91' lang='grc'>6.</span> <span class='ocrx_word' id='word_1_191' title='bbox 126 1858 189 1886; x_wconf 82' lang='lat' dir='ltr'>One</span> <span class='ocrx_word' id='word_1_192' title='bbox 203 1856 240 1893; x_wconf 86' lang='lat' dir='ltr'>of</span> <span class='ocrx_word' id='word_1_193' title='bbox 249 1857 329 1885; x_wconf 70' lang='lat' dir='ltr'>them</span> <span class='ocrx_word' id='word_1_194' title='bbox 344 1864 417 1885; x_wconf 75' lang='lat' dir='ltr'>even</span> <span class='ocrx_word' id='word_1_195' title='bbox 431 1855 505 1883; x_wconf 72' lang='lat' dir='ltr'>kills</span> <span class='ocrx_word' id='word_1_196' title='bbox 519 1864 539 1883; x_wconf 89' lang='grc' dir='ltr'><em>α</em></span> <span class='ocrx_word' id='word_1_197' title='bbox 556 1854 689 1884; x_wconf 64' lang='lat' dir='ltr'>Gaulislz</span> <span class='ocrx_word' id='word_1_198' title='bbox 705 1853 867 1890; x_wconf 69' lang='lat' dir='ltr'>claiestaae&#39;n.</span> 
     </span>
    </p>
   </div>
   <div class='ocr_carea' id='block_1_6' title="bbox 68 1929 1264 2043">
    <p class='ocr_par' dir='ltr' id='par_1_7' title="bbox 68 1929 1264 2043">
     <span class='ocr_line' id='line_1_27' title="bbox 125 1929 1264 1980; baseline -0.005 -7"><span class='ocrx_word' id='word_1_199' title='bbox 125 1933 194 1974; x_wconf 87' lang='lat'>14.</span> <span class='ocrx_word' id='word_1_200' title='bbox 225 1931 394 1971; x_wconf 86' lang='lat' dir='ltr'>Romani</span> <span class='ocrx_word' id='word_1_201' title='bbox 423 1936 559 1970; x_wconf 88' lang='lat' dir='ltr'>contra</span> <span class='ocrx_word' id='word_1_202' title='bbox 587 1930 839 1980; x_wconf 83' lang='lat' dir='ltr'>quaerebant,</span> <span class='ocrx_word' id='word_1_203' title='bbox 873 1929 1003 1980; x_wconf 85' lang='lat' dir='ltr'>“quid</span> <span class='ocrx_word' id='word_1_204' title='bbox 1035 1929 1075 1967; x_wconf 91' lang='lat' dir='ltr'>in</span> <span class='ocrx_word' id='word_1_205' title='bbox 1105 1929 1264 1967; x_wconf 84' lang='lat' dir='ltr'>Etruria</span> 
     </span>
     <span class='ocr_line' id='line_1_28' title="bbox 68 1993 1262 2043; baseline -0.005 -7"><span class='ocrx_word' id='word_1_206' title='bbox 68 1998 124 2036; x_wconf 85' lang='lat' dir='ltr'>rei</span> <span class='ocrx_word' id='word_1_207' title='bbox 157 1996 282 2035; x_wconf 85' lang='lat' dir='ltr'>Gallis</span> <span class='ocrx_word' id='word_1_208' title='bbox 316 1995 476 2043; x_wconf 87' lang='lat' dir='ltr'>esset&#39;’;</span> <span class='ocrx_word' id='word_1_209' title='bbox 513 2000 553 2033; x_wconf 90' lang='lat' dir='ltr'>et</span> <span class='ocrx_word' id='word_1_210' title='bbox 590 1994 647 2032; x_wconf 91' lang='lat' dir='ltr'>illi</span> <span class='ocrx_word' id='word_1_211' title='bbox 682 1994 850 2032; x_wconf 83' lang='lat' dir='ltr'>“onmia</span> <span class='ocrx_word' id='word_1_212' title='bbox 887 1993 1049 2031; x_wconf 86' lang='lat' dir='ltr'>fortium</span> <span class='ocrx_word' id='word_1_213' title='bbox 1088 1993 1262 2031; x_wconf 85' lang='lat' dir='ltr'>virorum</span> 
     </span>
    </p>
   </div>
  </div>
 </body>
</html>
